%% Obtained via the getNewBibTeX script and the SPIRES biblio service

@Article{WeinbergModelOfLeptons,
     author    = "Weinberg, Steven",
     title     = "A Model of Leptons",
     journal   = "Phys. Rev. Lett.",
     volume    = "19",
     year      = "1967",
     pages     = "1264-1266",
     SLACcitation  = "%%CITATION = PRLTA,19,1264;%%"
}
@Article{toppt,
    author         = "Khachatryan, Vardan and others",
    title          = "{Measurement of differential cross sections for top quark
	pair production using the lepton+jets final state in
	proton-proton collisions at 13 TeV}",
collaboration  = "CMS",
journal        = "Submitted to: Phys. Rev. D",
year           = "2016",
eprint         = "1610.04191",
archivePrefix  = "arXiv",
primaryClass   = "hep-ex",
reportNumber   = "CMS-TOP-16-008, CERN-EP-2016-227",
SLACcitation   = "%%CITATION = ARXIV:1610.04191;%%"
}

@Article{GlashowPartialSymmetries,
     author    = "Glashow, S. L.",
     title     = "Partial Symmetries of Weak Interactions",
     journal   = "Nucl. Phys.",
     volume    = "22",
     year      = "1961",
     pages     = "579",
     doi       = "10.1016/0029-5582(61)90469-2"
}
@article{lhW,
  title = {Left-handed $W$ bosons at the LHC},
  author = {Bern, Z. and Diana, G. and Dixon, L. J. and Cordero, F. Febres and Forde, D. and Gleisberg, T. and H\"oche, S. and Ita, H. and Kosower, D. A. and Ma\^{\i}tre, D. and Ozeren, K.},
  journal = {Phys. Rev. D},
  volume = {84},
  issue = {3},
  pages = {034008},
  numpages = {15},
  year = {2011},
  month = {Aug},
  publisher = {American Physical Society},
  doi = {10.1103/PhysRevD.84.034008},
  url = {http://link.aps.org/doi/10.1103/PhysRevD.84.034008}
}



% citation title from "The rise of the standard model: particle physics in the 1960s and 1970s", By Lillian Hoddeson
@Inproceedings{SalamNobelSymposium,
    author = "Salam, Abdus",
    editor = "Svartholm, Nils",
    publisher = "Almqvist \& Wiskell",
    address = "Stockholm",
    year = "1968",
    booktitle = "Elementary particle physics: relativistic groups and analyticity",
    note = "Proceedings of the eighth Nobel symposium",
    title = "Weak and electromagnetic interactions",
    pages = "367"
}

@manual{eightfoldway,
	Author = {Murray Gell-Mann, Yuval Ne'eman},
	Title = {The eightfold way a review, with a collection of reprints},
	Year = {1964}}

@article{PhysRevLett.30.1343,
  title = {Ultraviolet Behavior of Non-Abelian Gauge Theories},
  author = {Gross, David J. and Wilczek, Frank},
  journal = {Phys. Rev. Lett.},
  volume = {30},
  issue = {26},
  pages = {1343--1346},
  numpages = {0},
  year = {1973},
  month = {Jun},
  publisher = {American Physical Society},
  doi = {10.1103/PhysRevLett.30.1343},
  url = {http://link.aps.org/doi/10.1103/PhysRevLett.30.1343}
}

@article{PhysRevLett.30.1346,
  title = {Reliable Perturbative Results for Strong Interactions?},
  author = {Politzer, H. David},
  journal = {Phys. Rev. Lett.},
  volume = {30},
  issue = {26},
  pages = {1346--1349},
  numpages = {0},
  year = {1973},
  month = {Jun},
  publisher = {American Physical Society},
  doi = {10.1103/PhysRevLett.30.1346},
  url = {http://link.aps.org/doi/10.1103/PhysRevLett.30.1346}
}


% Higgs Mechanism
@article{Englert:1964et,
	Author = {F. Englert and R. Brout},
	Doi = {10.1103/PhysRevLett.13.321},
	Journal = {Phys. Rev. Lett.},
	Pages = {321},
	Title = {Broken symmetry and the mass of gauge vector mesons},
	Volume = {13},
	Year = {1964}}

@article{Higgs:1964ia,
	Author = {Higgs, P. W.},
	Doi = {10.1016/0031-9163(64)91136-9},
	Journal = {Phys. Lett.},
	Pages = {132},
	Title = {Broken symmetries, massless particles and gauge fields},
	Volume = {12},
	Year = {1964}}

@article{Higgs:1964pj,
	Author = {Higgs, P. W.},
	Doi = {10.1103/PhysRevLett.13.508},
	Journal = {Phys. Rev. Lett.},
	Pages = {508},
	Title = {Broken symmetries and the masses of gauge bosons},
	Volume = {13},
	Year = {1964}}

@article{Guralnik:1964eu,
	Author = {Guralnik, G. S. and Hagen, C. R. and Kibble, T. W. B.},
	Doi = {10.1103/PhysRevLett.13.585},
	Journal = {Phys. Rev. Lett.},
	Pages = {585},
	Title = {Global conservation laws and massless particles},
	Volume = {13},
	Year = {1964}}

@article{Higgs:1966ev,
	Author = {Higgs, P. W.},
	Doi = {10.1103/PhysRev.145.1156},
	Journal = {Phys. Rev.},
	Pages = {1156},
	Title = {Spontaneous symmetry breakdown without massless bosons},
	Volume = {145},
	Year = {1966}}

@article{Kibble:1967sv,
	Author = {Kibble, T. W. B.},
	Doi = {10.1103/PhysRev.155.1554},
	Journal = {Phys. Rev.},
	Pages = 1554,
	Title = {Symmetry breaking in non-{A}belian gauge theories},
	Volume = 155,
	Year = 1967
}



@Article{Phys.Rev.D2.1285,
     author    = "Glashow, S. L. and Iliopoulos, J. and Maiani, L.",
     title     = "WEAK INTERACTIONS WITH LEPTON - HADRON SYMMETRY",
     journal   = "Phys. Rev.",
     volume    = "D2",
     year      = "1970",
     pages     = "1285-1292",
     SLACcitation  = "%%CITATION = PHRVA,D2,1285;%%"
}

@Article{hep-ph/0410370,
     author    = "Willenbrock, Scott",
     title     = "Symmetries of the standard model",
     year      = "2004",
     eprint    = "hep-ph/0410370",
     SLACcitation  = "%%CITATION = HEP-PH 0410370;%%"
}

@article{ refId0,
author = {{Planck Collaboration}},
title = {Planck 2013 results. I. Overview of products
          and scientific results},
DOI= "10.1051/0004-6361/201321529",
url= "http://dx.doi.org/10.1051/0004-6361/201321529",
journal = {Astronom. and Astrophys.},
year = 2014,
volume = 571,
pages = "A1",
month = "",
}

@article{Zwicky:1933gu,
      author         = "Zwicky, F.",
      title          = "{Die Rotverschiebung von extragalaktischen Nebeln}",
      journal        = "Helv. Phys. Acta",
      volume         = "6",
      year           = "1933",
      pages          = "110-127",
      SLACcitation   = "%%CITATION = HPACA,6,110;%%"
}


@article{Freese:2008cz,
      author         = "Freese, Katherine",
      title          = "{Review of Observational Evidence for Dark Matter in the
                        Universe and in upcoming searches for Dark Stars}",
      booktitle      = "{Proceedings, Dark Energy and Dark Matter: Observations
                        Experiments and Theories}",
      journal        = "EAS Publ. Ser.",
      volume         = "36",
      year           = "2009",
      pages          = "113-126",
      doi            = "10.1051/eas/0936016",
      eprint         = "0812.4005",
      archivePrefix  = "arXiv",
      primaryClass   = "astro-ph",
      SLACcitation   = "%%CITATION = ARXIV:0812.4005;%%"
}

@article{1538-4357-648-2-L109,
  author={Douglas Clowe and Maruša Bradač and Anthony H. Gonzalez and Maxim Markevitch and Scott W. Randall and Christine
Jones and Dennis Zaritsky},
  title={A Direct Empirical Proof of the Existence of Dark Matter},
  journal={Astrophys. J. Lett.},
  volume={648},
  number={2},
  pages={L109},
  url={http://stacks.iop.org/1538-4357/648/i=2/a=L109},
  year={2006},
}

% LHC
@article{LHC,
  author={Lyndon Evans and Philip Bryant},
  title={LHC Machine},
  journal={Journal of Instrumentation},
  volume={3},
  number={08},
  pages={S08001},
  url={http://stacks.iop.org/1748-0221/3/i=08/a=S08001},
  year={2008},
  abstract={The Large Hadron Collider (LHC) at CERN near Geneva is the world's newest and most powerful tool for Particle Physics research. It is designed to collide proton beams with a centre-of-mass energy of 14 TeV and an unprecedented luminosity of 10 34 cm −2 s −1 . It can also collide heavy (Pb) ions with an energy of 2.8 TeV per nucleon and a peak luminosity of 10 27 cm −2 s −1 . In this paper, the machine design is described.}
}
	
@Article{Brianti:2004qq,
     author    = "Brianti, G.",
     title     = "The Large Hadron Collider project: Historical account",
     journal   = "Phys. Rept.",
     volume    = "403-404",
     year      = "2004",
     pages     = "349-364",
     SLACcitation  = "%%CITATION = PRPLC,403-404,349;%%"
}

% Detector 
%DAQ
@book{grid_tdr,
      author        = "Eck, Christoph and Knobloch, J and Robertson, Leslie and
                       Bird, I and Bos, K and Brook, N and Düllmann, D and Fisk,
                       I and Foster, D and Gibbard, B and Grandi, C and Grey, F
                       and Harvey, J and Heiss, A and Hemmer, F and Jarp, S and
                       Jones, R and Kelsey, D and Lamanna, M and Marten, H and
                       Mato-Vila, P and Ould-Saada, F and Panzer-Steindel, B and
                       Perini, L and Schutz, Y and Schwickerath, U and Shiers, J
                       and Wenaus, T",
      title         = "{LHC computing Grid: Technical Design Report. Version 1.06
                       (20 Jun 2005)}",
      publisher     = "CERN",
      address       = "Geneva",
      series        = "Technical Design Report LCG",
      year          = "2005",
      url           = "https://cds.cern.ch/record/840543",
}
@book{daq_tdr,
      author        = "Cittolin, Sergio and Rácz, Attila and Sphicas, Paris",
      title         = "{CMS The TriDAS Project: Technical Design Report, Volume
                       2: Data Acquisition and High-Level Trigger. CMS trigger and
                       data-acquisition project}",
      publisher     = "CERN",
      collaboration = "CMS Collaboration",
      address       = "Geneva",
      series        = "Technical Design Report CMS",
      year          = "2002",
      url           = "http://cds.cern.ch/record/578006",
}
@article{daq_performance,
  author={Daniele Trocino},
  title={The CMS High Level Trigger},
  journal={Journal of Physics: Conference Series},
  volume={513},
  number={1},
  pages={012036},
  url={http://stacks.iop.org/1742-6596/513/i=1/a=012036},
  year={2014},
  abstract={The}
}
%MUON
@article{muon_performance,
      author         = "Chatrchyan, Serguei and others",
      title          = "{The performance of the CMS muon detector in
                        proton-proton collisions at sqrt(s) = 7 TeV at the LHC}",
      collaboration  = "CMS",
      journal        = "JINST",
      volume         = "8",
      year           = "2013",
      pages          = "P11002",
      doi            = "10.1088/1748-0221/8/11/P11002",
      eprint         = "1306.6905",
      archivePrefix  = "arXiv",
      primaryClass   = "physics.ins-det",
      reportNumber   = "CMS-MUO-11-001, CERN-PH-EP-2013-072",
      SLACcitation   = "%%CITATION = ARXIV:1306.6905;%%"
}
@book{muon_tdr,
      title         = "{The CMS muon project: Technical Design Report}",
      publisher     = "CERN",
      collaboration = "CMS Collaboration",
      address       = "Geneva",
      series        = "Technical Design Report CMS",
      year          = "1997",
      url           = "https://cds.cern.ch/record/343814",
}
%ECAL
%HCAL
@book{hcal_tdr,
      title         = "{The CMS hadron calorimeter project: Technical Design
                       Report}",
      publisher     = "CERN",
      collaboration = "CMS Collaboration",
      address       = "Geneva",
      series        = "Technical Design Report CMS",
      year          = "1997",
      url           = "https://cds.cern.ch/record/357153",
}
@article{hcal_performance,
      author         = "Abdullin, S. and others",
      title          = "{The CMS barrel calorimeter response to particle beams
                        from 2-GeV/c to 350-GeV/c}",
      collaboration  = "USCMS, ECAL/HCAL",
      journal        = "Eur. Phys. J.",
      volume         = "C60",
      year           = "2009",
      pages          = "359-373",
      doi            = "10.1140/epjc/s10052-009-0959-5,
                        10.1140/epjc/s10052-009-1024-0",
      note           = "[Erratum: Eur. Phys. J.C61,353(2009)]",
      reportNumber   = "FERMILAB-PUB-08-661-E-PPD, CERN-CMS-NOTE-2008-034",
      SLACcitation   = "%%CITATION = EPHJA,C60,359;%%"
}
@article{hcal_calib,
      author        = "Kodolova, O",
      title         = "{HCAL calibration in high luminosity environment}",
      collaboration = "HCAL Calibration Group",
      pages         = "7 p",
      year          = "2013",
      url           = "https://cds.cern.ch/record/1642800",
}
@article{hcal_beam,
author={CMS},
title={The CMS barrel calorimeter response to particle beams from 2 to 350 GeV/c},
journal={The European Physical Journal C},
year={2009},
volume={60},
number={3},
pages={359--373},
abstract={The response of the CMS barrel calorimeter},
issn={1434-6052},
doi={10.1140/epjc/s10052-009-0959-5},
url={http://dx.doi.org/10.1140/epjc/s10052-009-0959-5}
}

@article{ecal_performance,
  title={The CMS ECAL performance with examples},
  author={Benaglia, Andrea},
  journal={Journal of Instrumentation},
  volume={9},
  number={02},
  pages={C02008},
  year={2014},
  publisher={IOP Publishing}
}

@article{ecal_calib,
  author={"CMS"},
  title={Energy calibration and resolution of the CMS electromagnetic calorimeter in pp collisions at √ s = 7 TeV},
  journal={Journal of Instrumentation},
  volume={8},
  number={09},
  pages={P09009},
  url={http://stacks.iop.org/1748-0221/8/i=09/a=P09009},
  year={2013},
  abstract={The energy calibration and resolution of the electromagnetic calorimeter (ECAL) of the CMS detector have been determined using proton-proton collision data from LHC operation in 2010 and 2011 at a centre-of-mass energy of √ s = 7 TeV with integrated luminosities of about 5\fbinv. Crucial aspects of detector operation, such as the environmental stability, alignment, and synchronization, are presented. The in-situ calibration procedures are discussed in detail and include the maintenance of the calibration in the challenging radiation environment inside the CMS detector. The energy resolution for electrons from Z-boson decays is better than 2% in the central region of the ECAL barrel (for pseudorapidity |η| < 0.8) and is 2–5% elsewhere. The derived energy resolution for photons from 125 GeV Higgs boson decays varies across the barrel from 1.1% to 2.6% and from 2.2% to 5% in the endcaps. The calibration of the absolute energy is determined from Z→e + e − decays to a precision of 0.4% in the barrel and 0.8% in the endcaps.}
}
@article{hcal_timing,
      title         = "{HCAL Energy Reconstruction Performance}",
      collaboration = "CMS Collaboration",
      month         = "Nov",
      year          = "2016",
      reportNumber  = "CMS-DP-2016-071",
      url           = "https://cds.cern.ch/record/2235509",
}
@article{ecal_timing,
      title         = "{ECAL hit timing with Run1 and Run2 energy reconstruction
                       in early 25ns data at 13 TeV}",
      collaboration = "CMS Collaboration",
      month         = "Aug",
      year          = "2015",
      reportNumber  = "CMS-DP-2015-040",
      url           = "https://cds.cern.ch/record/2048627",
}
	
@article{ecal_performance2,
      author         = "Chatrchyan, Serguei and others",
      title          = "{Energy Calibration and Resolution of the CMS
                        Electromagnetic Calorimeter in $pp$ Collisions at
                        $\sqrt{s} = 7$ TeV}",
      collaboration  = "CMS",
      journal        = "JINST",
      volume         = "8",
      year           = "2013",
      pages          = "P09009",
      doi            = "10.1088/1748-0221/8/09/P09009",
      note           = "[JINST8,9009(2013)]",
      eprint         = "1306.2016",
      archivePrefix  = "arXiv",
      primaryClass   = "hep-ex",
      reportNumber   = "CMS-EGM-11-001, CERN-PH-EP-2013-097",
      SLACcitation   = "%%CITATION = ARXIV:1306.2016;%%"
}
@article{cms_iop,
  author={Lyndon Evans and Philip Bryant},
  title={LHC Machine},
  journal={Journal of Instrumentation},
  volume={3},
  number={08},
  pages={S08001},
  url={http://stacks.iop.org/1748-0221/3/i=08/a=S08001},
  year={2008},
  abstract={The Large Hadron Collider (LHC)}
}
@book{ecal_tdr,
      title         = "{The CMS electromagnetic calorimeter project: Technical
                       Design Report}",
      publisher     = "CERN",
      collaboration = "CMS Collaboration",
      address       = "Geneva",
      series        = "Technical Design Report CMS",
      year          = "1997",
      url           = "https://cds.cern.ch/record/349375",
}
@article{trackerperformance,
        author = {{Tricomi, Alessia}},
        title = {Performances of the ATLAS and CMS silicon tracker},
        journal = {Eur. Phys. J. },
        volume = {C33},
        year = {2004},
        pages = "s1023-s1025",
        DOI= "10.1140/epjcd/s2004-03-1801-1",
}
@article{CMS,
  author={The CMS Collaboration},
  title={The CMS experiment at the CERN LHC},
  journal={Journal of Instrumentation},
  volume={3},
  number={08},
  pages={S08004},
  url={http://stacks.iop.org/1748-0221/3/i=08/a=S08004},
  year={2008},
  abstract={The Compact Muon Solenoid (CMS) detector is described. The detector operates at the Large Hadron Collider (LHC) at CERN. It was conceived to study proton-proton (and lead-lead) collisions at a centre-of-mass energy of 14 TeV (5.5 TeV nucleon-nucleon) and at luminosities up to 10 34 cm −2 s −1 (10 27 cm −2 s −1 ). At the core of the CMS detector sits a high-magnetic-field and large-bore superconducting solenoid surrounding an all-silicon pixel and strip tracker, a lead-tungstate scintillating-crystals electromagnetic calorimeter, and a brass-scintillator sampling hadron calorimeter. The iron yoke of the flux-return is instrumented with four stations of muon detectors covering most of the 4π solid angle. Forward sampling calorimeters extend the pseudorapidity coverage to high values (|η| ≤ 5) assuring very good hermeticity. The overall dimensions of the CMS detector are a length of 21.6 m, a diameter of 14.6 m and a total weight of 12500 t.}
}
@article{tracker_early,
      author         = "Khachatryan, Vardan and others",
      title          = "{CMS Tracking Performance Results from early LHC
                        Operation}",
      collaboration  = "CMS",
      journal        = "Eur. Phys. J.",
      volume         = "C70",
      year           = "2010",
      pages          = "1165-1192",
      doi            = "10.1140/epjc/s10052-010-1491-3",
      eprint         = "1007.1988",
      archivePrefix  = "arXiv",
      primaryClass   = "physics.ins-det",
      reportNumber   = "CERN-PH-EP-2010-019, CMS-TRK-10-001",
      SLACcitation   = "%%CITATION = ARXIV:1007.1988;%%"
}
@techreport{tracker_seven,
      title         = "{Tracking and Primary Vertex Results in First 7 TeV
                       Collisions}",
      institution   = "CERN",
      collaboration = "CMS Collaboration",
      address       = "2010. Geneva",
      number        = "CMS-PAS-TRK-10-005",
      year          = "2010",
      reportNumber  = "CMS-PAS-TRK-10-005",
      url           = "http://cds.cern.ch/record/1279383",
}
@techreport{tracker_avf,
      author        = "Frühwirth, R and Waltenberger, Wolfgang and Vanlaer,
                       Pascal",
      title         = "{Adaptive Vertex Fitting}",
      institution   = "CERN",
      address       = "Geneva",
      number        = "CMS-NOTE-2007-008",
      month         = "Mar",
      year          = "2007",
      reportNumber  = "CMS-NOTE-2007-008",
      url           = "https://cds.cern.ch/record/1027031",
}
@techreport{tracker_eff,
      title         = "{Measurement of Tracking Efficiency}",
      institution   = "CERN",
      collaboration = "CMS Collaboration",
      address       = "2010. Geneva",
      number        = "CMS-PAS-TRK-10-002",
      year          = "2010",
      reportNumber  = "CMS-PAS-TRK-10-002",
      url           = "https://cds.cern.ch/record/1279139",
}
@article{tracker_vertex,
      author         = "Chatrchyan, Serguei and others",
      title          = "{Description and performance of track and primary-vertex
                        reconstruction with the CMS tracker}",
      collaboration  = "CMS",
      journal        = "JINST",
      volume         = "9",
      year           = "2014",
      number         = "10",
      pages          = "P10009",
      doi            = "10.1088/1748-0221/9/10/P10009",
      eprint         = "1405.6569",
      archivePrefix  = "arXiv",
      primaryClass   = "physics.ins-det",
      reportNumber   = "CMS-TRK-11-001, CERN-PH-EP-2014-070",
      SLACcitation   = "%%CITATION = ARXIV:1405.6569;%%"
}
@article{tracker_fig,
      author         = "Halyo, V. and LeGresley, P. and Lujan, P.",
      title          = "{Massively Parallel Computing and the Search for Jets and
                        Black Holes at the LHC}",
      journal        = "Nucl. Instrum. Meth.",
      volume         = "A744",
      year           = "2014",
      pages          = "54-60",
      doi            = "10.1016/j.nima.2014.01.038",
      eprint         = "1309.6275",
      archivePrefix  = "arXiv",
      primaryClass   = "physics.comp-ph",
      SLACcitation   = "%%CITATION = ARXIV:1309.6275;%%"
}
@article{tracker_performance,
      author         = "Veszpremi, V.",
      title          = "{Operation and performance of the CMS tracker}",
      booktitle      = "{Proceedings, 13th Topical Seminar on Innovative Particle
                        and Radiation Detectors (IPRD13): Siena, Italy, October
                        7-10, 2013}",
      collaboration  = "CMS",
      journal        = "JINST",
      volume         = "9",
      year           = "2014",
      pages          = "C03005",
      doi            = "10.1088/1748-0221/9/03/C03005",
      eprint         = "1402.0675",
      archivePrefix  = "arXiv",
      primaryClass   = "physics.ins-det",
      SLACcitation   = "%%CITATION = ARXIV:1402.0675;%%"
}
@book{tracker_tdr,
      author         = "CMS Collaboration",
      title          = "{CMS, tracker technical design report}",
      collaboration  = "CMS",
      url            = "http://weblib.cern.ch/abstract?CERN-LHCC-98-6",
      year           = "1998",
      reportNumber   = "CERN-LHCC-98-06, CMS-TDR-5",
      SLACcitation   = "%%CITATION = CERN-LHCC-98-06;%%"
}
@techreport{pixel_upgrade_tdr,
      author        = "Dominguez, A and Abbaneo, D and Arndt, K and Bacchetta, N
                       and Ball, A and Bartz, E and Bertl, W and Bilei, G M and
                       Bolla, G and Cheung, H W K and Chertok, M and Costa, S and
                       Demaria, N and Daniel Dominguez Vazquez and Ecklund, K and
                       Erdmann, W and Gill, K and Hall, G and Harder, K and
                       Hartmann, F and Horisberger, R and Johns, W and Kaestli, H
                       C and Klein, K and Kotlinski, D and Kwan, S and Pesaresi, M
                       and Postema, H and Rohe, T and Schäfer, C and Starodumov,
                       A and Streuli, S and Tricomi, A and Tropea, P and Troska, J
                       and Vasey, F and Zeuner, W",
      editor        = "Dominguez, A",
      title         = "{CMS Technical Design Report for the Pixel Detector
                       Upgrade}",
      number        = "CERN-LHCC-2012-016. CMS-TDR-11",
      month         = "Sep",
      year          = "2012",
      reportNumber  = "CERN-LHCC-2012-016",
      url           = "http://cds.cern.ch/record/1481838",
      note          = "Additional contacts: Jeffrey Spalding, Fermilab,
                       Jeffrey.Spalding@cern.ch Didier Contardo, Universite Claude
                       Bernard-Lyon I, didier.claude.contardo@cern.ch",
}
@article{pixel_upgrade,
  title={CMS Pixel Detector Upgrade},
  author={Parashar, N},
  journal={arXiv preprint arXiv:1110.2125},
  year={2011}
}

@article{Abdullin:2009zz,
      author         = "Abdullin, S. and others",
      title          = "{The CMS barrel calorimeter response to particle beams
                        from 2-GeV/c to 350-GeV/c}",
      collaboration  = "USCMS, ECAL/HCAL",
      journal        = "Eur. Phys. J.",
      volume         = "C60",
      year           = "2009",
      pages          = "359-373",
      doi            = "10.1140/epjc/s10052-009-0959-5,
                        10.1140/epjc/s10052-009-1024-0",
      note           = "[Erratum: Eur. Phys. J. C61, (2009) 353]",
      reportNumber   = "FERMILAB-PUB-08-661-E-PPD, CERN-CMS-NOTE-2008-034",
      SLACcitation   = "%%CITATION = EPHJA,C60,359;%%"
}


@article{pdg,
      author         = "Olive, K. A. and others",
      title          = "{Review of Particle Physics}",
      collaboration  = "Particle Data Group",
      journal        = "Chin. Phys.",
      volume         = "C38",
      year           = "2014",
      pages          = "090001",
      doi            = "10.1088/1674-1137/38/9/090001",
      SLACcitation   = "%%CITATION = CHPHD,C38,090001;%%"
}


@misc{CMS-DP-2012-022,
      title         = "{Data Parking and Data Scouting \\ at the CMS Experiment}",
      collaboration = "CMS",
      month         = "Sep",
      year          = "2012",
      note  = "CMS-DP-2012-022",
      howpublished  = "\url{https://cds.cern.ch/record/1480607}",
}

@misc{CMS-DP-2015-063,
      title         = "{History of ECAL response with laser data}",
      collaboration = "CMS",
      month         = "Dec",
      year          = "2015",
      note  = "CMS-DP-2015-063",
      howpublished  = "\url{https://cds.cern.ch/record/2115434}",
}

@article{Chatrchyan:1704291,
title         = "{Description and performance of track and primary-vertex
                       reconstruction with the CMS tracker}",
      journal       = "J. Instrum.",
      collaboration = "CMS",
      number        = "arXiv:1405.6569. CERN-PH-EP-2014-070. CMS-TRK-11-001",
      volume        = "9",
      pages         = "P10009. 80 p",
      month         = "May",
      year          = "2014",
      reportNumber  = "arXiv:1405.6569",
      url           = "http://cds.cern.ch/record/1704291",
}

% tracks
@article{1748-0221-9-10-P10009,
  collaboration={CMS},
  title={Description and performance of track and primary-vertex reconstruction with the CMS tracker},
  journal={J. Instrum.},
  volume={9},
  number={10},
  pages={P10009},
  url={http://stacks.iop.org/1748-0221/9/i=10/a=P10009},
  year={2014},
}

% vertices
@article{Adam:2005cg,
    Author = {Adam, W. and Mangano, B. and Speer, T. and Todorov, T.},
    Date-Added = {2014-04-14 14:15:12 +0000},
    Date-Modified = {2014-04-14 21:57:20 +0000},
    Journal = {CMS Note},
    Keywords = {Tracking},
    Reportnumber = {CERN-CMS-NOTE-2006-041,
                 CMS-NOTE-2006-041},
    Slaccitation = {%%CITATION = CERN-CMS-NOTE-2006-041
    ETC.;%%},
    Title = {{Track reconstruction in the CMS
                                tracker}},
    Volume = {CMS-NOTE-2006-041},
    Year = {2005}
}

@article{DetAnnealing,
    Author = {K. Rose},
    Date-Added = {2014-02-19 18:54:58 +0000},
    Date-Modified = {2014-02-19 18:55:16 +0000},
    Journal = {Proc. IEEE},
    Keywords = {HTTCited,ObjOther},
    Pages = {2210},
    Title = {{Deterministic Annealing for Clustering,
     Compression, Classification, Regression, and related
     Optimization Problems}},
    Url={http://ieeexplore.ieee.org/xpls/abs_all.jsp?arnumber=726788&tag=1},
    Volume = {86},
    Year = {1998}
}

@article{CMS-PAS-TRK-10-005,
  Collaboration = {CMS},
  Date-Added = {2014-04-08 14:10:21 +0000},
  Date-Modified = {2014-05-18 19:03:39 +0000},
  Journal = {CMS Physics Analysis Summary},
  Keywords = {CMSOther,Tracking},
  Title = {{Tracking and Primary Vertex Results in First 7 TeV Collisions}},
  Type = {CMS Physics Analysis Summary},
  Url = {http://cds.cern.ch/record/1279383},
  Volume = {CMS-PAS-TRK-10-005},
  Year = {2010}
}

@article{adaptivevertex,
  Author = {Fruhwirth, R. and Waltenberger, W. and Vanlaer, P.},
  Date-Added = {2014-04-14 14:40:07 +0000},
  Date-Modified = {2014-04-26 15:47:38 +0000},
  Doi = {10.1088/0954-3899/34/12/N01},
  Journal = {J. Phys.},
  Keywords = {Tracking},
  Pages = {N343},
  Reportnumber = {CERN-CMS-NOTE-2007-008,
  CMS-NOTE-2007-008},
  Slaccitation = {%%CITATION =
  JPHGB,G34,N343;%%},
  Title = {{Adaptive vertex fitting}},
  Volume = {G34},
  Year = {2007}
}

% electrons
@article{CMS-PAS-EGM-10-004,
  Collaboration = {CMS},
  Date-Added = {2014-04-09 14:36:41 +0000},
  Date-Modified = {2014-05-18 19:03:43 +0000},
  Journal = {{CMS Physics Analysis Summary}},
  Keywords = {CMSOther,EGamma},
  Title = {{Electron reconstruction and identification at
    $\sqrt{s}$ = 7 TeV}},
  Type = {CMS Physics Analysis Summary},
  Url = {http://cds.cern.ch/record/1299116},
  Volume = {CMS-PAS-EGM-10-004},
  Year = {2010}
}

@article{ElectronReco,
    Author = {Meschi, Emilio and Monteiro, T. and Seez, Christopher and Vikas,
    Pratibha},
    Date-Added = {2014-04-09 14:35:03 +0000},
    Date-Modified = {2014-04-14 21:58:23 +0000},
    Journal = {CMS Note},
    Keywords = {CMSOther,EGamma},
    Reportnumber = {CMS-NOTE-2001-034,
    CERN-CMS-NOTE-2001-034},
    Slaccitation = {%%CITATION = CMS-NOTE-2001-034
                ETC.;%%},
    Title = {{Electron Reconstruction in the CMS
              Electromagnetic Calorimeter}},
    Volume = {CMS-NOTE-2001-034},
    Year = {2001}
}

@article{GSFalgorithm,
   Author = {Adam, Wolfgang and Fr{\"u}hwirth, R. and Strandlie, Are and Todor,
    T.},
   Date-Added = {2014-04-14 15:05:19 +0000},
   Date-Modified = {2014-04-14 21:59:06 +0000},
   Journal = {CMS Note},
   Keywords = {EGamma},
   Reportnumber = {CMS-NOTE-2005-001,
    CERN-CMS-NOTE-2005-001},
   Slaccitation = {%%CITATION = CMS-NOTE-2005-001
     ETC.;%%},
   Title = {{Reconstruction of Electrons with the
   Gaussian-Sum Filter in the CMS Tracker at the
    LHC}},
   Volume = {CMS-NOTE-2005-001},
   Year = {2005}
}

@article{Baffioni:2006cd,
    Author = {Baffioni, S. and Charlot, C. and Ferri, F. and Futyan, D. and
    Meridiani, P. and others},
    Date-Added = {2014-04-09 15:25:51 +0000},
    Date-Modified = {2014-04-26 15:48:14 +0000},
    Doi = {10.1140/epjc/s10052-006-0175-5},
    Journal = {Eur. Phys. J.},
    Keywords = {CMSOther,EGamma},
    Pages = {1099-1116},
    Reportnumber = {CERN-CMS-NOTE-2006-040},
    Slaccitation = {%%CITATION = EPHJA,C49,1099;%%},
    Title = {{Electron reconstruction in CMS}},
    Volume = {C49},
    Year = {2007}
}

@article{1748-0221-10-06-P06005,
  collaboration={CMS},
  title={Performance of electron reconstruction and selection with the CMS detector in proton-proton collisions at $\sqrt{s} = 8\,TeV$},
  journal={J. Instrum.},
  volume={10},
  number={06},
  pages={P06005},
  url={http://stacks.iop.org/1748-0221/10/i=06/a=P06005},
  year={2015},
}

@article{TMVA,
    Archiveprefix = {arXiv},
    Author = {Hocker, Andreas and Stelzer, J. and Tegenfeldt, F. and Voss,
    H. and Voss, K. and others},
    Date-Added = {2014-05-15 19:33:28 +0000},
    Date-Modified = {2014-05-15 19:33:28 +0000},
    Eprint = {physics/0703039},
    Journal = {PoS},
    Pages = {040},
    Primaryclass = {PHYSICS},
    Reportnumber = {CERN-OPEN-2007-007},
    Slaccitation = {%%CITATION = PHYSICS/0703039;%%},
    Title = {{TMVA - Toolkit for Multivariate Data Analysis}},
    Volume = {ACAT},
    Year = {2007}
}


@article{MuonReco,
    Archiveprefix = {arXiv},
    Author = {Chatrchyan, Serguei and others},
    Collaboration = {CMS},
    Date-Added = {2014-04-10 15:09:50 +0000},
    Date-Modified = {2014-05-18 19:03:44 +0000},
    Doi = {10.1088/1748-0221/7/10/P10002},
    Eprint = {1206.4071},
    Journal = {JINST},
    Keywords = {CMSOther,Muon},
    Pages = {P10002},
    Primaryclass = {physics.ins-det},
    Reportnumber = {CMS-MUO-10-004,
    CERN-PH-EP-2012-173},
    Slaccitation = {%%CITATION = ARXIV:1206.4071;%%},
    Title = {{Performance of CMS muon reconstruction in $pp$ collision events at $\sqrt{s}=7$ TeV}},
    Volume = {7},
    Year = {2012}
}

@article{CMS-PAS-PFT-10-001,
    Collaboration = {CMS},
    Date-Added = {2014-05-17 10:14:21 +0000},
    Date-Modified = {2014-05-18 19:03:41 +0000},
    Journal = {{CMS Physics Analysis Summary}},
    Keywords = {PF},
    Title = {{ Commissioning of the Particle-flow Event
          Reconstruction with the first LHC collisions recorded in
          the CMS detector}},
    Url = {http://cds.cern.ch/record/1247373},
    Volume = {CMS-PAS-PFT-10-001},
    Year = {2010}
}
@article{CMS-PAS-PFT-10-002,
    Collaboration = {CMS},
    Date-Added = {2011-06-04 19:36:45 +0200},
    Date-Modified = {2014-05-18 19:03:40 +0000},
    Journal = {{CMS Physics Analysis Summary}},
    Keywords = {CMSOther,PF},
    Title = {{Commissioning of the Particle-Flow
     reconstruction in Minimum-Bias and Jet Events from pp
     Collisions at 7 TeV}},
    Type = {CMS Physics Analysis Summary},
    Url = {http://cdsweb.cern.ch/record/1279341},
    Volume = {CMS-PAS-PFT-10-002},
    Year = {2010}
}

@article{CMS-PAS-PFT-09-001,
    Author = {{CMS Collaboration}},
    Collaboration = {CMS},
    Date-Added = {2011-06-04 19:35:58 +0200},
    Date-Modified = {2014-05-18 19:03:41 +0000},
    Journal = {{CMS Physics Analysis Summary}},
    Keywords = {CMSOther,PF},
    Title = {{Particle-Flow Event Reconstruction in CMS
    and Performance for Jets, Taus, and MET}},
    Type = {CMS Physics Analysis Summary},
    Url = {http://cdsweb.cern.ch/record/1194487},
    Volume = {CMS-PAS-PFT-09-001},
    Year = {2009}
}


@article{ARTICLE:CMSAN-14-227,
      author         = "{N. Saoulidou and E. Tziaferi}",
      title          = "Performance of the Particle-Flow jet identification criteria using proton-proton collisions at 8 TeV",
      journal        = "CMS Analysis Note",
      year           = "2014",
      volume   = "CMS AN-14-227"
}

@article{ARTICLE:CMSAN-12-403,
      author         = "{R. Aggleton, C. Asawatangtrakuldee, J. Brooke, O. Buchmueller, D. Colling, G. Davies, P. Dunne, S. Kumar, Q. Li, A. Magnan, K. Mazumdar, A. Nikitenko, J. Pela, P. Srimanobhas, D. Wang}",
      title          = "Search for an Invisible Higgs Boson",
      journal        = "CMS Analysis Note",
      year           = "2012",
      volume   = "CMS AN-12-403"
}

@article{ARTICLE:CMSAN-14-243,
      author         = "{C. Asawatangtrakuldee, J. Brooke, D. Colling, G. Davies, P. Dunne, A. Magnan, A. Nikitenko, J. Pela}",
      title          = "Search for a Higgs boson decaying to invisible final states",
      journal        = "CMS Analysis Note",
      year           = "2012",
      volume   = "CMS AN-14-243"
}

@article{CMS-JME-10-011,
    Archiveprefix = {arXiv},
    Author = {Chatrchyan, Serguei and others},
    Collaboration = {CMS},
    Date-Added = {2014-02-19 19:21:53 +0000},
    Date-Modified = {2014-04-03 11:02:11 +0000},
    Doi = {10.1088/1748-0221/6/11/P11002},
    Eprint = {1107.4277},
    Journal = {JINST},
    Keywords = {HTTCited,CMSOther,Jets},
    Pages = {11002},
    Primaryclass = {physics.ins-det},
    Title = {Determination of jet energy calibration and transverse momentum resolution in {CMS}},
    Volume = {6},
    Year = {2011}
}

@article{Abe:1992sj,
    Author = {Abe, F. and others},
    Collaboration = {CDF},
    Date-Added = {2014-04-14 19:30:52 +0000},
    Date-Modified = {2014-05-18 19:04:07 +0000},
    Doi = {10.1103/PhysRevLett.69.2896},
    Journal = {Phys. Rev. Lett.},
    Keywords = {Jets},
    Pages = {2896-2900},
    Reportnumber = {FERMILAB-PUB-92-182-E,
       ANL-HEP-PR-93-17},
    Slaccitation = {%%CITATION = PRLTA,69,2896;%%},
    Title = {{The Dijet angular distribution in $p\bar{p}$ collisions at $\sqrt{s} = 1.8$ TeV}},
    Volume = {69},
    Year = {1992}
}

@article{bjets,
    Archiveprefix = {arXiv},
    Author = {The CMS collaboration},
    Collaboration = {CMS},
    Date-Added = {2014-01-25 14:33:17 +0000},
    Date-Modified = {2014-05-18 19:03:37 +0000},
    Doi = {10.1088/1748-0221/8/04/P04013},
    Eprint = {1211.4462},
    Journal = {JINST},
    Keywords = {CMSOther},
    Pages = {P04013},
    Primaryclass = {hep-ex},
    Slaccitation = {%%CITATION = ARXIV:1211.4462;%%},
    Title = {{Identification of b-quark jets with the CMS experiment}},
    Url = {http://stacks.iop.org/1748-0221/8/i=04/a=P04013},
    Volume = {8},
    Year = {2013}
}

@article{CMS-PAS-JME-12-002,
    Collaboration = {CMS},
    Date-Added = {2014-01-25 12:33:16 +0000},
    Date-Modified = {2014-05-18 19:03:41 +0000},
    Journal = {{CMS Physics Analysis Summary}},
    Keywords = {HTTCited,CMSOther,MET},
    Title = {{Performance of Missing Transverse Momentum
    Reconstruction Algorithms in Proton-Proton Collisions at
    $\sqrt{s}$ = 8 TeV with the CMS Detector}},
    Url = {http://cds.cern.ch/record/1543527},
    Volume = {CMS-PAS-JME-12-002},
    Year = {2013}
}

@article{CMS-PAS-TAU-11-001,
    Archiveprefix = {arXiv},
    Author = {{CMS Collaboration}},
    Date-Added = {2014-02-19 18:50:14 +0000},
    Date-Modified = {2014-02-19 18:50:30 +0000},
    Doi = {10.1088/1748-0221/7/01/P01001},
    Eprint = {1109.6034},
    Journal = {JINST},
    Keywords = {HTTCited,CMSOther},
    Pages = {P01001},
    Primaryclass = {physics.ins-det},
    Title = {Performance of tau-lepton  
    reconstruction and identification in CMS},
    Volume = {7},
    Year = {2012}
}

@techreport{Khachatryan:2062435,
title         = "{Reconstruction and identification of $\tau$ lepton decays
                       to hadrons and $\nu_\tau$ at CMS}",
      institution   = "CERN",
      collaboration = "CMS",
      address       = "Geneva",
      number        = "arXiv:1510.07488. CMS-TAU-14-001. CERN-PH-EP-2015-261",
      month         = "Oct",
      year          = "2015",
      reportNumber  = "arXiv:1510.07488",
      url           = "https://cds.cern.ch/record/2062435",
      note          = "Comments: Submitted to J. Instrum",
}


@article{HIG-13-004,
    Archiveprefix = {arXiv},
    Author = {Chatrchyan, Serguei and others},
    Collaboration = {CMS},
    Date-Added = {2014-07-24 08:06:02 +0000},
    Date-Modified = {2014-07-24 08:06:40 +0000},
    Doi = {10.1007/JHEP05(2014)104},
    Eprint = {1401.5041},
    Journal = {JHEP},
    Pages = {104},
    Primaryclass = {hep-ex},
    Reportnumber = {CMS-HIG-13-004,
     CERN-PH-EP-2014-001},
    Slaccitation = {%%CITATION = ARXIV:1401.5041;%%},
    Title = {{Evidence for the125 GeV Higgs boson decaying to a pair of $\tau$ leptons}},
    Volume = {1405},
    Year = {2014}
}
                                                            
@article{TauPol,
    Author = {Bullock, B.K. and Hagiwara, Kaoru and Martin, Alan D.},
    Date-Added = {2014-02-19 19:12:36 +0000},
    Date-Modified = {2014-02-19 19:14:49 +0000},
    Doi = {10.1016/0550-3213(93)90045-Q},
    Journal = {Nucl. Phys. B},
    Keywords = {HTTCited,ObjOther},
    Pages = {499},
    Title = {{Tau polarization and its correlations
     as a probe of new physics}},
    Volume = {395},
    Year = {1993}
}

@article{CMS-PAS-JME-13-005,
    Collaboration = {CMS},
    Date-Added = {2014-02-19 19:06:46 +0000},
    Date-Modified = {2014-04-03 11:15:21 +0000},
    Journal = {CMS Physics Analysis Summary},
    Keywords = {HTTCited,CMSOther,Jets},
    Title = {Pileup Jet Identification},
    Url = {http://cdsweb.cern.ch/record/1581583},
    Volume = {CMS-PAS-JME-13-005},
    Year = {2013}
}

@article{1748-0221-3-08-S08001,
  author={L. Evans and P. Bryant},
  title={LHC Machine},
  journal={JINST},
  volume={3},
  number={08},
  pages={S08001},
  doi="10.1088/1748-0221/3/08/S08001",
  year={2008},
  abstract={}
}

@book{lepdesign,
      title         = "{LEP design report, volume I: The LEP injector chain; LEP design report, volume II: The LEP Main Ring}",
      author        = "{{LEP Injector Study Group}}",
      publisher     = "CERN",
      address       = "Geneva",
      year          = "1983"
}

@article{ALICE,
      author         = "{ALICE Collaboration}",
      title          = "{The ALICE experiment at the CERN LHC}",
      journal        = "JINST",
      volume         = "3",
      pages          = "S08002",
      doi            = "10.1088/1748-0221/3/08/S08002",
      year           = "2008",
}



@article{ATLAS,
      author        ="{ATLAS Collaboration}",
      title         = "{The ATLAS Experiment at the CERN Large Hadron Collider}",
      journal       = "JINST",
      volume        = "3",
      pages         = "S08003",
      year          = "2008",
      doi="10.1088/1748-0221/3/08/S08003",
}

@article{Chatrchyan:2008aa,
      collaboration         = "CMS",
      title          = "{The CMS experiment at the CERN LHC}",
      journal        = "JINST",
      volume         = "3",
      pages          = "S08004",
      doi            = "10.1088/1748-0221/3/08/S08004",
      year           = "2008",
      SLACcitation   = "%%CITATION = JINST,3,S08004;%%",
}

@article{LHCb,
      author         = "Alves, A. Augusto, Jr. and others",
      title          = "{The LHCb Detector at the LHC}",
      collaboration  = "LHCb",
      journal        = "JINST",
      volume         = "3",
      pages          = "S08005",
      doi            = "10.1088/1748-0221/3/08/S08005",
      year           = "2008",
      SLACcitation   = "%%CITATION = JINST,3,S08005;%%",
}

@misc{Benedikt:823808,
      author        = "Benedikt, Michael and Collier, Paul and Mertens, V and
                       Poole, John and Schindl, Karlheinz",
      title         = "{LHC Design Report}",
      publisher     = "CERN",
      address       = "Geneva",
      year          = "2004",
     howpublished  = "\url{https://cds.cern.ch/record/823808}",
}

@article{PhysRevLett.100.120801,
  title = {New Measurement of the Electron Magnetic Moment and the Fine Structure Constant},
  author = {Hanneke, D. and Fogwell, S. and Gabrielse, G.},
  journal = {Phys. Rev. Lett.},
  volume = {100},
  issue = {12},
  pages = {120801},
  numpages = {4},
  year = {2008},
  month = {Mar},
  publisher = {American Physical Society},
  doi = {10.1103/PhysRevLett.100.120801},
  url = {http://link.aps.org/doi/10.1103/PhysRevLett.100.120801}
}

@article{PhysRev.96.191,
  title = {Conservation of Isotopic Spin and Isotopic Gauge Invariance},
  author = {Yang, C. N. and Mills, R. L.},
  journal = {Phys. Rev.},
  volume = {96},
  issue = {1},
  pages = {191--195},
  numpages = {0},
  year = {1954},
  month = {Oct},
  publisher = {American Physical Society},
  doi = {10.1103/PhysRev.96.191},
  url = {http://link.aps.org/doi/10.1103/PhysRev.96.191}
}

@article{Noether:1918zz,
      author         = "Noether, Emmy",
      title          = "{Invariant Variation Problems}",
      journal        = "Gott. Nachr.",
      volume         = "1918",
      year           = "1918",
      pages          = "235-257",
      doi            = "10.1080/00411457108231446",
      note           = "[Transp. Theory Statist. Phys.1,186(1971)]",
      eprint         = "physics/0503066",
      archivePrefix  = "arXiv",
      primaryClass   = "physics",
      SLACcitation   = "%%CITATION = PHYSICS/0503066;%%"
}

@article{doi:10.1080/00411457108231446,
author = { Emmy   Noether },
title = {Invariant variation problems},
journal = {Transport Theory and Statistical Physics},
volume = {1},
number = {3},
pages = {186-207},
year = {1971},
doi = {10.1080/00411457108231446},
}

@misc{CMSLumiPublic,
    Collaboration = {CMS},
    Title = {CMS Luminosity - Public Results},
    howpublished = {\url{http://twiki.cern.ch/twiki/bin/view/CMSPublic/LumiPublicResults}}
}

@misc{CMSSMPPublic,
    Collaboration = {CMS},
    Title = {Summaries of CMS cross section measurements},
    howpublished = {\url{http://twiki.cern.ch/twiki/bin/view/CMSPublic/PhysicsResultsCombined}}
}

@misc{CMSSlice,
    Collaboration = {CMS},
    Title = {Interactive Slice of the CMS detector},
    howpublished = {CMS Document 4172-v2},
}



@misc{Stirlingppxs,
    Author = {W. J. Stirling},
    Title = {Private communication}
}

@misc{eleeff,
    Author = {L. Sani},
    Title = {Private communication},
}



@article{cmsschematic,
    Author = {T. Sakuma and T. McCauley},
    Title = {Detector and Event Visualization with SketchUp at the CMS Experiment},
    Journal = "J. Phys.: Conf. Ser.",
    Volume = "513",
    pages = "022032",
    doi = {10.1088/1742-6596/513/2/022032}
}

@article{Agashe:2014kda,
      author         = "Olive, K. A. and others",
      title          = "{Review of Particle Physics}",
      collaboration  = "Particle Data Group",
      journal        = "Chin. Phys.",
      volume         = "C38",
      year           = "2014",
      pages          = "090001",
      doi            = "10.1088/1674-1137/38/9/090001",
      SLACcitation   = "%%CITATION = CHPHD,C38,090001;%%"
}

@book{griffiths2008introduction,
  title={Introduction to Elementary Particles},
  author={Griffiths, D.},
  isbn={9783527406012},
  series={Physics textbook},
  url={https://books.google.co.uk/books?id=w9Dz56myXm8C},
  year={2008},
  publisher={Wiley}
}

@article{Salam:2009jx,
      author         = "Salam, Gavin P.",
      title          = "{Towards Jetography}",
      booktitle      = "{2008 CTEQ-MCnet Summer School on QCD Phenomenology and
                        Monte Carlo Event Generators (MCnet 08) (CTEQ 08)
                        Debrecen, Hungary, August 8-16, 2008}",
      journal        = "Eur. Phys. J.",
      volume         = "C67",
      year           = "2010",
      pages          = "637-686",
      doi            = "10.1140/epjc/s10052-010-1314-6",
      eprint         = "0906.1833",
      archivePrefix  = "arXiv",
      primaryClass   = "hep-ph",
      SLACcitation   = "%%CITATION = ARXIV:0906.1833;%%"
}

@article{1126-6708-2008-04-063,
  author={Matteo Cacciari and Gavin P. Salam and Gregory Soyez},
  title={The anti-$k_{t}$ jet clustering algorithm},
  journal={JHEP},
  year={2008},
  volume={04},
  pages={063},
  url={http://stacks.iop.org/1126-6708/2008/i=04/a=063},
}

@techreport{ATL-PHYS-PUB-2011-011,
      title         = "{Procedure for the LHC Higgs boson search combination in
                       summer 2011}",
      institution   = "CERN",
      address       = "Geneva",
      number        = "ATL-PHYS-PUB-2011-011, CMS NOTE 2011/005",
      month         = "Aug",
      year          = "2011",
      reportNumber  = "ATL-PHYS-PUB-2011-011",
      url           = "https://cds.cern.ch/record/1375842",
}

@article{Cowan:2010js,
      author         = "Cowan, Glen and Cranmer, Kyle and Gross, Eilam and
                        Vitells, Ofer",
      title          = "{Asymptotic formulae for likelihood-based tests of new
                        physics}",
      journal        = "Eur. Phys. J.",
      volume         = "C71",
      year           = "2011",
      pages          = "1554",
      doi            = "10.1140/epjc/s10052-011-1554-0,
                        10.1140/epjc/s10052-013-2501-z",
      note           = "[Erratum: Eur. Phys. J. C73, (2013) 2501]",
      eprint         = "1007.1727",
      archivePrefix  = "arXiv",
      primaryClass   = "physics.data-an",
      SLACcitation   = "%%CITATION = ARXIV:1007.1727;%%"
}

%prompt chapter
@article{Chatrchyan:2014tja,
      author         = "Chatrchyan, Serguei and others",
      title          = "{Search for invisible decays of Higgs bosons in the
                        vector boson fusion and associated ZH production modes}",
      collaboration  = "CMS",
      journal        = "Eur. Phys. J.",
      volume         = "C74",
      year           = "2014",
      pages          = "2980",
      doi            = "10.1140/epjc/s10052-014-2980-6",
      eprint         = "1404.1344",
      archivePrefix  = "arXiv",
      primaryClass   = "hep-ex",
      reportNumber   = "CMS-HIG-13-030, CERN-PH-EP-2014-051",
      SLACcitation   = "%%CITATION = ARXIV:1404.1344;%%"
}

@article{Chatrchyan:1385560,
      author        = "Chatrchyan, Serguei and others",
title         = "{Performance of $\tau$-lepton reconstruction and
                       identification in CMS}",
      journal       = "J. Instrum.",
      collaboration = "CMS",
      number        = "arXiv:1109.6034. CMS-TAU-11-001. CERN-PH-EP-2011-137",
      volume        = "7",
      pages         = "P01001. 33 p",
      month         = "Sep",
      year          = "2011",
      reportNumber  = "arXiv:1109.6034",
      url           = "https://cds.cern.ch/record/1385560",
}

%??minor background xs results
@article{CMS:2012fza,
      journal = "{CMS Physics Analysis Summary}",
      type = "{CMS Physics Analysis Summary}",
      title          = "{Top pair cross section in dileptons}",
      collaboration  = "CMS",
      year           = "2012",
      volume   = "CMS-PAS-TOP-12-007",
}

@article{CMS:2012iza,
      journal = "{CMS Physics Analysis Summary}",
      type = "{CMS Physics Analysis Summary}",
      title          = "{Measurement of the single-top t-channel cross section in
                        pp collisions at centre-of-mass energy of 8 TeV}",
      collaboration  = "CMS",
      year           = "2012",
      volume   = "CMS-PAS-TOP-12-011",
}

@article{CMS:2012zva,
      journal = "{CMS Physics Analysis Summary}",
      type = "{CMS Physics Analysis Summary}",
      title          = "{Measurement of WW production rate}",
      collaboration  = "CMS",
      year           = "2012",
      volume   = "CMS-PAS-SMP-12-013",
}

@article{CMS:2013qea,
      journal = "{CMS Physics Analysis Summary}",
      type = "{CMS Physics Analysis Summary}",
      title          = "{Measurement of WZ production rate}",
      collaboration  = "CMS",
      year           = "2013",
      volume   = "CMS-PAS-SMP-12-006",
}

@article{CMS:2013hea,
      journal = "{CMS Physics Analysis Summary}",
      type = "{CMS Physics Analysis Summary}",
      title          = "{Measurement of the ZZ production cross section and anomalous trilinear gauge couplings in lll'l' decays at $\sqrt{s} = 8\,$ TeV at the LHC}",
      collaboration  = "CMS",
      year           = "2013",
      volume   = "CMS-PAS-SMP-13-005",
}

@article{Chatrchyan2013190,
title = "Measurement of the and \{ZZ\} production cross sections in pp collisions at ",
journal = "Phys. Lett. B ",
author= "{CMS Collaboration}",
collaboration = "CMS",
volume = "721",
number = "4–5",
pages = "190 - 211",
year = "2013",
note = "",
issn = "0370-2693",
doi = "/10.1016/j.physletb.2013.03.027",
url = "http://www.sciencedirect.com/science/article/pii/S0370269313002529",
}

@article{Dittmaier:2011ti,
        Archiveprefix = {arXiv},
        Author = {{LHC Higgs Cross Section Working Group} and Dittmaier, S. and others},
        Eprint = {1101.0593},
        volume = {CERN-2011-002},
        doi            = "10.5170/CERN-2011-002",
        Primaryclass = {hep-ph},
        Title = {{Handbook of LHC Higgs Cross Sections: 1. Inclusive Observables}},
        Journal = {CERN Report},
        Url = {http://cdsweb.cern.ch/record/1318996},
        Year = {2011},
}

@article{Dittmaier:2012vm,
        Archiveprefix = {arXiv},
        Author = {{LHC Higgs Cross Section Working Group} and Dittmaier, S. and others},
        Eprint = {1201.3084},
        Type = "CERN Report",
        volume = {CERN-2012-002},
                doi            = "10.5170/CERN-2012-002",
        Primaryclass = {hep-ph},
        Slaccitation = {%%CITATION = ARXIV:1201.3084;%%},                                                                                                                                                                                    
        Title = {{Handbook of LHC Higgs Cross Sections: 2. Differential Distributions}},
        journal="CERN Report",
Year = {2012},
        url = {https://cds.cern.ch/record/1416519}
}

@article{Heinemeyer:1559921,
      author        = {{LHC Higgs Cross Section Working Group} and Dittmaier, S. and others},
      title         = "{Handbook of LHC Higgs Cross Sections: 3. Higgs
                       Properties: Report of the LHC Higgs Cross Section Working
                       Group}",
      journal = "CERN Report",
      volume        = "CERN-2013-004",
      year          = "2013",
      eprint         = "1307.1347",
      archivePrefix  = "arXiv",

}

@article{CMS-PAS-LUM-13-001,
      journal = "CMS Physics Analysis Summary",
      type = "CMS Physics Analysis Summary",
      COLLABORATION = "CMS",
      TITLE       = "{CMS} Luminosity Based on Pixel Cluster Counting -- {S}ummer 2013 Update",
      YEAR        = "2013",
      volume      = "CMS-PAS-LUM-13-001",
}


@INPROCEEDINGS{2003sppp.conf...35L,
   author = {{Linnemann}, J.},
    title = "{Measures of Significance in HEP and Astrophysics}",
booktitle = {Statistical Problems in Particle Physics, Astrophysics, and Cosmology},
     year = 2003,
   eprint = {physics/0312059},
   editor = {{Lyons}, L. and {Mount}, R. and {Reitmeyer}, R.},
    pages = {35},
   adsurl = {http://adsabs.harvard.edu/abs/2003sppp.conf...35L},
  adsnote = {Provided by the SAO/NASA Astrophysics Data System}
}

@article{CMS-PAS-HIG-13-018,
      journal = "{CMS Physics Analysis Summary}",
      title         = "{Search for invisible Higgs produced in association with a
                       Z boson}",
      type = "{CMS Physics Analysis Summary}",
      collaboration = "CMS",
      year          = "2013",
      volume  = "CMS-PAS-HIG-13-018",
}

@article{CMS-PAS-HIG-13-028,
      journal = "{CMS Physics Analysis Summary}",
      title         = "{Search for the Higgs boson decaying to invisible
                       particles produced in
  association with Z bosons decaying
                       to bottom
  quarks}",
      type = "{CMS Physics Analysis Summary}",
      collaboration = "CMS",
      year          = "1900",
      volume  = "CMS-PAS-HIG-13-028",
}

@article{CMS-PAS-EXO-12-055,
      journal = "{CMS Physics Analysis Summary}",
      title         = "{Search for New Physics in the V/jet + MET final state}",
      type = "{CMS Physics Analysis Summary}",
      collaboration = "CMS",
      year          = "2015",
      volume  = "CMS-PAS-EXO-12-055",
}

@article{CMS-PAS-HIG-15-012,
      journal       = "{CMS Physics Analysis Summary}",
      title         = "{A combination of searches for the invisible decays of the
                       Higgs boson using the CMS detector}",
      type = "{CMS Physics Analysis Summary}",
      volume        = "CMS-PAS-HIG-15-012",
      year          = "2015",
      collaboration = "CMS",
}

@article{CMS-PAS-HIG-15-002,
      journal       = "{CMS Physics Analysis Summary}",
      title         = "{Measurements of the Higgs boson production and decay
                       rates and constraints on its couplings from a combined
                       ATLAS and CMS analysis of the LHC pp collision data at
                       $\sqrt{s}$ = 7 and 8 TeV}",
      type       = "{CMS Physics Analysis Summary}",
      volume        = "CMS-PAS-HIG-15-002",
      year          = "2015",
      collaboration = "{CMS}",
}

@article{PhysRevLett.114.191803,
  title = {Combined Measurement of the Higgs Boson Mass in $pp$ Collisions at $\sqrt{s}=7$ and 8 TeV with the ATLAS and CMS Experiments},
  author = {{ATLAS Collaboration and CMS Collaboration}},
  journal = {Phys. Rev. Lett.},
  volume = {114},
  issue = {19},
  pages = {191803},
  numpages = {33},
  year = {2015},
  month = {May},
  publisher = {American Physical Society},
  doi = {10.1103/PhysRevLett.114.191803},
  url = {http://link.aps.org/doi/10.1103/PhysRevLett.114.191803}
}

@article{krauss-diag,
Author = {F. Krauss},
Journal = {{http://www.ippp.dur.ac.uk/\~krauss/Lectures/MonteCarlos/Pheno\_5\_08.pdf}},
Month = {Accessed March},
Title = {{Phenomenology at collider experiments}},
Year = {2016}
}

@article{lhcexpschematic,
Author = {{ATLAS collaboration}},
Journal = {{http://atlas.ch/atlas\_photos/lhc/lhc\_03.html}},
Month = {Accessed March},
Title = {{ATLAS detector photos}},
Year = {2016}
}

@article{PYTHIA,
title = "A brief introduction to PYTHIA 8.1 ",
journal = "Comput. Phys. Commun. ",
volume = "178",
number = "11",
pages = "852 - 867",
year = "2008",
note = "",
issn = "0010-4655",
doi = "/10.1016/j.cpc.2008.01.036",
url = "http://www.sciencedirect.com/science/article/pii/S0010465508000441",
author = "Torbj{\"o}rn Sj{\"o}strand and Stephen Mrenna and Peter Skands",
keywords = "Event generators",
keywords = "Multiparticle production",
keywords = "Parton showers",
keywords = "Multiple interactions",
keywords = "Hadronisation "
}

@Article{Alwall2014,
author="Alwall, J.
and Frederix, R.
and Frixione, S.
and Hirschi, V.
and Maltoni, F.
and Mattelaer, O.
and Shao, H.-S.
and Stelzer, T.
and Torrielli, P.
and Zaro, M.",
title="The automated computation of tree-level and next-to-leading order differential cross sections, and their matching to parton shower simulations",
journal="JHEP",
year="2014",
volume="2014",
number="7",
pages="1--157",
issn="1029-8479",
doi="10.1007/JHEP07(2014)079",
url="http://dx.doi.org/10.1007/JHEP07(2014)079"
}

@article{Nason:2004rx,
      author         = "Nason, Paolo",
      title          = "{A New method for combining NLO QCD with shower Monte
                        Carlo algorithms}",
      journal        = "JHEP",
      volume         = "11",
      year           = "2004",
      pages          = "040",
      doi            = "10.1088/1126-6708/2004/11/040",
      eprint         = "hep-ph/0409146",
      archivePrefix  = "arXiv",
      primaryClass   = "hep-ph",
      reportNumber   = "BICOCCA-FT-04-11",
      SLACcitation   = "%%CITATION = HEP-PH/0409146;%%"
}

@article{Frixione:2007vw,
      author         = "Frixione, Stefano and Nason, Paolo and Oleari, Carlo",
      title          = "{Matching NLO QCD computations with Parton Shower
                        simulations: the POWHEG method}",
      journal        = "JHEP",
      volume         = "11",
      year           = "2007",
      pages          = "070",
      doi            = "10.1088/1126-6708/2007/11/070",
      eprint         = "0709.2092",
      archivePrefix  = "arXiv",
      primaryClass   = "hep-ph",
      reportNumber   = "BICOCCA-FT-07-9, GEF-TH-21-2007",
      SLACcitation   = "%%CITATION = ARXIV:0709.2092;%%"
}

@article{Alioli:2010xd,
      author         = "Alioli, Simone and Nason, Paolo and Oleari, Carlo and Re,
                        Emanuele",
      title          = "{A general framework for implementing NLO calculations in
                        shower Monte Carlo programs: the POWHEG BOX}",
      journal        = "JHEP",
      volume         = "06",
      year           = "2010",
      pages          = "043",
      doi            = "10.1007/JHEP06(2010)043",
      eprint         = "1002.2581",
      archivePrefix  = "arXiv",
      primaryClass   = "hep-ph",
      reportNumber   = "DESY-10-018, SFB-CPP-10-22, IPPP-10-11, DCPT-10-22",
      SLACcitation   = "%%CITATION = ARXIV:1002.2581;%%"
}
@article{Alwall:2014hca,
      author         = "Alwall, J. and Frederix, R. and Frixione, S. and Hirschi,
                        V. and Maltoni, F. and Mattelaer, O. and Shao, H. -S. and
                        Stelzer, T. and Torrielli, P. and Zaro, M.",
      title          = "{The automated computation of tree-level and
                        next-to-leading order differential cross sections, and
                        their matching to parton shower simulations}",
      journal        = "JHEP",
      volume         = "07",
      year           = "2014",
      pages          = "079",
      doi            = "10.1007/JHEP07(2014)079",
      eprint         = "1405.0301",
      archivePrefix  = "arXiv",
      primaryClass   = "hep-ph",
      reportNumber   = "CERN-PH-TH-2014-064, CP3-14-18, LPN14-066, MCNET-14-09,
                        ZU-TH-14-14",
      SLACcitation   = "%%CITATION = ARXIV:1405.0301;%%"
}
@article{PhysRevD.68.094021,
  title = {Next-to-leading order QCD predictions for $W+2$ jet and $Z+2$ jet production at the CERN LHC},
  author = {Campbell, John and Ellis, R. K. and Rainwater, D.},
  journal = {Phys. Rev. D},
  volume = {68},
  issue = {9},
  pages = {094021},
  numpages = {9},
  year = {2003},
  month = {Nov},
  publisher = {American Physical Society},
  doi = {10.1103/PhysRevD.68.094021},
  url = {http://link.aps.org/doi/10.1103/PhysRevD.68.094021}
}

@article{Baglio:2014uba,
      author         = "Baglio, J. and others",
      title          = "{Release Note - VBFNLO 2.7.0}",
      year           = "2014",
      eprint         = "1404.3940",
      archivePrefix  = "arXiv",
      primaryClass   = "hep-ph",
      reportNumber   = "FTUV-14-2903, IFIC-14-26, KA-TP-10-2014, LPN14-062,
                        MAN-HEP-2014-03",
      SLACcitation   = "%%CITATION = ARXIV:1404.3940;%%"
}

@article{Arnold:2011wj,
      author         = "Arnold, K. and others",
      title          = "{VBFNLO: A Parton Level Monte Carlo for Processes with
                        Electroweak Bosons -- Manual for Version 2.5.0}",
      year           = "2011",
      eprint         = "1107.4038",
      archivePrefix  = "arXiv",
      primaryClass   = "hep-ph",
      reportNumber   = "KA-TP-15-2011, FTUV-11-0730, WUB-11-06,
                        FR-PHENO-2011-012, MZ-TH-11-19, CERN-PH-TH-2011-1,
                        LPN11-40, DESY-11-125, TTK-10-51, --MZ-TH-11-19,
                        CERN-PH-TH-2011-173, --MAN-HEP-2014-02",
      SLACcitation   = "%%CITATION = ARXIV:1107.4038;%%"
}

@article{Arnold20091661,
title = "VBFNLO: A parton level Monte Carlo for processes with electroweak bosons ",
journal = "Comput. Phys. Commun. ",
volume = "180",
number = "9",
pages = "1661 - 1670",
year = "2009",
note = "",
issn = "0010-4655",
doi = "/10.1016/j.cpc.2009.03.006",
url = "http://www.sciencedirect.com/science/article/pii/S0010465509001027",
author = "K. Arnold and M. Bähr and G. Bozzi and F. Campanario and C. Englert and T. Figy and N. Greiner and C. Hackstein and V. Hankele and B. Jäger and G. Klämke and M. Kubocz and C. Oleari and S. Plätzer and S. Prestel and M. Worek and D. Zeppenfeld",
keywords = "\{NLO\} Monte Carlo program",
keywords = "One-loop \{QCD\} corrections",
keywords = "Electroweak bosons",
keywords = "Hadronic collisions "
}

@article{PhysRevD.86.094034,
  title = {Combining QCD and electroweak corrections to dilepton production in the framework of the FEWZ simulation code},
  author = {Li, Ye and Petriello, Frank},
  journal = {Phys. Rev. D},
  volume = {86},
  issue = {9},
  pages = {094034},
  numpages = {12},
  year = {2012},
  month = {Nov},
  publisher = {American Physical Society},
  doi = {10.1103/PhysRevD.86.094034},
  url = {http://link.aps.org/doi/10.1103/PhysRevD.86.094034}
}

@article{Agostinelli2003250,
title = "Geant4—a simulation toolkit ",
journal = "Nucl. Instr. Meth. Phys. Res. A",
volume = "506",
number = "3",
pages = "250 - 303",
year = "2003",
note = "",
issn = "0168-9002",
doi = "/10.1016/S0168-9002(03)01368-8",
url = "http://www.sciencedirect.com/science/article/pii/S0168900203013688",
author = "S. Agostinelli and J. Allison and K. Amako and J. Apostolakis and H. Araujo and P. Arce and M. Asai and D. Axen and S. Banerjee and G. Barrand and F. Behner and L. Bellagamba and J. Boudreau and L. Broglia and A. Brunengo and H. Burkhardt and S. Chauvie and J. Chuma and R. Chytracek and G. Cooperman and G. Cosmo and P. Degtyarenko and A. Dell'Acqua and G. Depaola and D. Dietrich and R. Enami and A. Feliciello and C. Ferguson and H. Fesefeldt and G. Folger and F. Foppiano and A. Forti and S. Garelli and S. Giani and R. Giannitrapani and D. Gibin and J.J. Gómez Cadenas and I. González and G. Gracia Abril and G. Greeniaus and W. Greiner and V. Grichine and A. Grossheim and S. Guatelli and P. Gumplinger and R. Hamatsu and K. Hashimoto and H. Hasui and A. Heikkinen and A. Howard and V. Ivanchenko and A. Johnson and F.W. Jones and J. Kallenbach and N. Kanaya and M. Kawabata and Y. Kawabata and M. Kawaguti and S. Kelner and P. Kent and A. Kimura and T. Kodama and R. Kokoulin and M. Kossov and H. Kurashige 
and E. Lamanna and T. Lampén and V. Lara and V. Lefebure and F. Lei and M. Liendl and W. Lockman and F. Longo and S. Magni and M. Maire and E. Medernach and K. Minamimoto and P. Mora de Freitas and Y. Morita and K. Murakami and M. Nagamatu and R. Nartallo and P. Nieminen and T. Nishimura and K. Ohtsubo and M. Okamura and S. O'Neale and Y. Oohata and K. Paech and J. Perl and A. Pfeiffer and M.G. Pia and F. Ranjard and A. Rybin and S. Sadilov and E. Di Salvo and G. Santin and T. Sasaki and N. Savvas and Y. Sawada and S. Scherer and S. Sei and V. Sirotenko and D. Smith and N. Starkov and H. Stoecker and J. Sulkimo and M. Takahata and S. Tanaka and E. Tcherniaev and E. Safai Tehrani and M. Tropeano and P. Truscott and H. Uno and L. Urban and P. Urban and M. Verderi and A. Walkden and W. Wander and H. Weber and J.P. Wellisch and T. Wenaus and D.C. Williams and D. Wright and T. Yamada and H. Yoshida and D. Zschiesche",
keywords = "Simulation",
keywords = "Particle interactions",
keywords = "Geometrical modelling",
keywords = "Software engineering",
keywords = "Object-oriented technology",
keywords = "Distributed software development "
}

@Article{Favereau2014,
author="Favereau, J.
and Delaere, C.
and Demin, P.
and Giammanco, A.
and Lema{\^i}tre, V.
and Mertens, A.
and Selvaggi, M.",
title="DELPHES 3: a modular framework for fast simulation of a generic collider experiment",
journal="JHEP",
year="2014",
volume="2014",
number="2",
pages="1--26",
abstract="The version 3.0 of the Delphes fast-simulation is presented. The goal of Delphes is to allow the simulation of a multipurpose detector for phenomenological studies. The simulation includes a track propagation system embedded in a magnetic field, electromagnetic and hadron calorimeters, and a muon identification system. Physics objects that can be used for data analysis are then reconstructed from the simulated detector response. These include tracks and calorimeter deposits and high level objects such as isolated electrons, jets, taus, and missing energy. The new modular approach allows for greater flexibility in the design of the simulation and reconstruction sequence. New features such as the particle-flow reconstruction approach, crucial in the first years of the LHC, and pile-up simulation and mitigation, which is needed for the simulation of the LHC detectors in the near future, have also been implemented. The Delphes framework is not meant to be used for advanced detector studies, for which 
more accurate tools are needed. Although some aspects of Delphes are hadron collider specific, it is flexible enough to be adapted to the needs of electron-positron collider experiments.                                                                                      ",
issn="1029-8479",
doi="10.1007/JHEP02(2014)057",
url="http://dx.doi.org/10.1007/JHEP02(2014)057"
}

@article{CMS-PAS-HIG-14-038,
      title         = "{Search for invisible decays of Higgs bosons in the vector
                       boson fusion production mode}",
      collaboration = "CMS",
      type          = "{CMS Physics Analyis Summary}",
      journal       = "{CMS Physics Analyis Summary}",
      year          = "2015",
      volume  = "CMS-PAS-HIG-14-038",
      url           = "https://cds.cern.ch/record/2007270",
}

@article{PhysRevD.88.116009,
  title = {Bounds on dark matter interactions with electroweak gauge bosons},
  author = {Cotta, R. C. and Hewett, J. L. and Le, M.-P. and Rizzo, T. G.},
  journal = {Phys. Rev. D},
  volume = {88},
  issue = {11},
  pages = {116009},
  numpages = {23},
  year = {2013},
  month = {Dec},
  publisher = {American Physical Society},
  doi = {10.1103/PhysRevD.88.116009},
  url = {http://link.aps.org/doi/10.1103/PhysRevD.88.116009}
}


@article{PhysRevD.91.015017,
  title = {Scalar simplified models for dark matter},
  author = {Buckley, Matthew R. and Feld, David and Gon\ifmmode \mbox{\c{c}}\else \c{c}\fi{}alves, Dorival},
  journal = {Phys. Rev. D},
  volume = {91},
  issue = {1},
  pages = {015017},
  numpages = {18},
  year = {2015},
  month = {Jan},
  publisher = {American Physical Society},
  doi = {10.1103/PhysRevD.91.015017},
  url = {http://link.aps.org/doi/10.1103/PhysRevD.91.015017}
}

@article{D'Ambrosio2002155,
title = "Minimal flavour violation: an effective field theory approach ",
journal = "Nucl. Phys. B ",
volume = "645",
number = "1–2",
pages = "155 - 187",
year = "2002",
note = "",
issn = "0550-3213",
doi = "/10.1016/S0550-3213(02)00836-2",
url = "http://www.sciencedirect.com/science/article/pii/S0550321302008362",
author = "G. D'Ambrosio and G.F. Giudice and G. Isidori and A. Strumia"
}

@article{deVries:2015hva,
      author         = "de Vries, K. J. and others",
      title          = "{The pMSSM10 after LHC Run 1}",
      journal        = "Eur. Phys. J.",
      volume         = "C75",
      year           = "2015",
      number         = "9",
      pages          = "422",
      doi            = "10.1140/epjc/s10052-015-3599-y",
      eprint         = "1504.03260",
      archivePrefix  = "arXiv",
      primaryClass   = "hep-ph",
      reportNumber   = "KCL-PH-TH-2015-15, LCTS-2015-07, CERN-PH-TH-2015-066,
                        DESY-15-046, FTPI-MINN-15-13, UMN-TH-3427-15,
                        SLAC-PUB-16245, FERMILAB-PUB-15-100-CMS",
      SLACcitation   = "%%CITATION = ARXIV:1504.03260;%%"
}

@article{Czakon20142930,
        Author = {Micha{\l} Czakon and Alexander Mitov},
        Doi = {/10.1016/j.cpc.2014.06.021},
        Issn = {0010-4655},
        Journal = {Comput. Phys. Commun.},
        Keywords = {Hadron colliers},
        Number = {11},
        Pages = {2930 - 2938},
        Title = {Top++: A program for the calculation of the top-pair cross-section at hadron colliders},
        Url = {http://www.sciencedirect.com/science/article/pii/S0010465514002264},
        Volume = {185},
        Year = {2014},
        Bdsk-Url-1 = {http://www.sciencedirect.com/science/article/pii/S0010465514002264},
        Bdsk-Url-2 = {http://dx.doi.org/10.1016/j.cpc.2014.06.021}}

@article{Chatrchyan201230,
title = "Observation of a new boson at a mass of 125 GeV with the CMS experiment at the LHC ",
journal = "Phys. Lett. B ",
collaboration = "CMS",
volume = "716",
number = "1",
pages = "30 - 61",
year = "2012",
note = "",
issn = "0370-2693",
doi = "/10.1016/j.physletb.2012.08.021",
url = "http://www.sciencedirect.com/science/article/pii/S0370269312008581",
keywords = "CMS",
keywords = "Physics",
keywords = "Higgs ",
}

@article{Aad20121,
title = "Observation of a new particle in the search for the Standard Model Higgs boson with the ATLAS detector at the LHC ",
journal = "Phys. Lett. B ",
collaboration = "ATLAS",
volume = "716",
number = "1",
pages = "1 - 29",
year = "2012",
note = "",
issn = "0370-2693",
doi = "/10.1016/j.physletb.2012.08.020",
url = "http://www.sciencedirect.com/science/article/pii/S037026931200857X",
}

@article{PhysRevLett.81.1158,
  title = {Measurements of the Solar Neutrino Flux from Super-Kamiokande's First 300 Days},
  collaboration = {Super-Kamiokande},
  journal = {Phys. Rev. Lett.},
  volume = {81},
  issue = {6},
  pages = {1158--1162},
  numpages = {0},
  year = {1998},
  month = {Aug},
  publisher = {American Physical Society},
  doi = {10.1103/PhysRevLett.81.1158},
  url = {http://link.aps.org/doi/10.1103/PhysRevLett.81.1158}
}

@article{Khachatryan201464,
title = "Constraints on the Higgs boson width from off-shell production and decay to Z-boson pairs ",
journal = "Phys. Lett. B ",
volume = "736",
number = "",
pages = "64 - 85",
year = "2014",
note = "",
issn = "0370-2693",
doi = "/10.1016/j.physletb.2014.06.077",
url = "http://www.sciencedirect.com/science/article/pii/S0370269314004821",
collaboration = "CMS",
keywords = "CMS",
keywords = "Physics",
keywords = "Higgs",
keywords = "Diboson",
keywords = "Properties ",
}

@article{ourdmpaper,
      author         = "Brooke, James and Buckley, Matthew R. and Dunne, Patrick
                        and Penning, Bjoern and Tamanas, John and Zgubic, Miha",
      title          = "{Vector Boson Fusion Searches for Dark Matter at the
                        LHC}",
      year           = "2016",
      eprint         = "1603.07739",
      archivePrefix  = "arXiv",
      primaryClass   = "hep-ph",
      SLACcitation   = "%%CITATION = ARXIV:1603.07739;%%"
}

@article{Read:2002hq,
      author         = "Read, Alexander L.",
      title          = "{Presentation of search results: The CL(s) technique}",
      booktitle      = "{Advanced Statistical Techniques in Particle Physics.
                        Proceedings, Conference, Durham, UK, March 18-22, 2002}",
      journal        = "J. Phys.",
      volume         = "G28",
      year           = "2002",
      pages          = "2693-2704",
      doi            = "10.1088/0954-3899/28/10/313",
      note           = "[,11(2002)]",
      SLACcitation   = "%%CITATION = JPAGA,G28,2693;%%"
}
@techreport{electron_photon_reco,
      title={Electron and photon measurement with the CMS detector},
        author={Argiro, Stefano},
	  year={2010}
}
@article{muon_reco,
      author         = "Chatrchyan, Serguei and others",
      title          = "{Performance of CMS muon reconstruction in $pp$ collision
                        events at $\sqrt{s}=7$ TeV}",
      collaboration  = "CMS",
      journal        = "JINST",
      volume         = "7",
      year           = "2012",
      pages          = "P10002",
      doi            = "10.1088/1748-0221/7/10/P10002",
      eprint         = "1206.4071",
      archivePrefix  = "arXiv",
      primaryClass   = "physics.ins-det",
      reportNumber   = "CMS-MUO-10-004, CERN-PH-EP-2012-173",
      SLACcitation   = "%%CITATION = ARXIV:1206.4071;%%"
}
@article{muon_reco_cosmic,
  author={CMS Collaboration},
  title={Performance of CMS muon reconstruction in cosmic-ray events},
  journal={Journal of Instrumentation},
  volume={5},
  number={03},
  pages={T03022},
  url={http://stacks.iop.org/1748-0221/5/i=03/a=T03022},
  year={2010},
  abstract={blah},
}
@inproceedings{pf_proc,
      author         = "Beaudette, Florian",
      title          = "{The CMS Particle Flow Algorithm}",
      booktitle      = "{Proceedings, International Conference on Calorimetry for
                        the High Energy Frontier (CHEF 2013): Paris, France, April
                        22-25, 2013}",
      collaboration  = "CMS",
      year           = "2013",
      url            = "https://inspirehep.net/record/1279774/files/arXiv:1401.8155.pdf",
      pages          = "295-304",
      eprint         = "1401.8155",
      archivePrefix  = "arXiv",
      primaryClass   = "hep-ex",
      SLACcitation   = "%%CITATION = ARXIV:1401.8155;%%"
}
@techreport{pf_pas,
      title         = "{Particle-Flow Event Reconstruction in CMS and Performance
                       for Jets, Taus, and MET}",
      institution   = "CERN",
      collaboration = "CMS Collaboration",
      address       = "2009. Geneva",
      number        = "CMS-PAS-PFT-09-001",
      month         = "Apr",
      year          = "2009",
      reportNumber  = "CMS-PAS-PFT-09-001",
      url           = "https://cds.cern.ch/record/1194487",
}
@inproceedings{fastsim,
      title={The fast simulation of the CMS experiment},
        author={Giammanco, Andrea},
	  booktitle={Journal of Physics: Conference Series},
	    volume={513},
	      number={2},
	        pages={022012},
		  year={2014},
		    organization={IOP Publishing}
}
@article{fastjet,
      author         = "Cacciari, Matteo and Salam, Gavin P. and Soyez, Gregory",
      title          = "{FastJet User Manual}",
      journal        = "Eur. Phys. J.",
      volume         = "C72",
      year           = "2012",
      pages          = "1896",
      doi            = "10.1140/epjc/s10052-012-1896-2",
      eprint         = "1111.6097",
      archivePrefix  = "arXiv",
      primaryClass   = "hep-ph",
      reportNumber   = "CERN-PH-TH-2011-297",
      SLACcitation   = "%%CITATION = ARXIV:1111.6097;%%"
}
@article{jec,
  author={The CMS collaboration},
  title={Determination of jet energy calibration and transverse momentum resolution in CMS},
  journal={Journal of Instrumentation},
  volume={6},
  number={11},
  pages={P11002},
  url={http://stacks.iop.org/1748-0221/6/i=11/a=P11002},
  year={2011},
  abstract={Measurements of th}
}
@INPROCEEDINGS{jec2, 
author={A. Santocchia}, 
booktitle={2009 IEEE Nuclear Science Symposium Conference Record (NSS/MIC)}, 
title={Jet energy correction in CMS}, 
year={2009}, 
pages={2299-2307}, 
keywords={calibration;elementary particle jets;particle calorimetry;position sensitive particle detectors;CMS detector;Compact Muon Solenoid;calorimeter;hadron activity;jet energy correction;jet pseudorapidity;jet transverse energy;noise offset;pile-up;raw jet energy;Calibration;Collision mitigation;Detectors;Energy measurement;Equations;Iterative algorithms;Lighting control;Nuclear and plasma sciences;Particle tracking;Testing;CMS;calibration;calorimeter;correction;jet}, 
doi={10.1109/NSSMIC.2009.5402040}, 
ISSN={1082-3654}, 
month={Oct},}
@article{jec_fig,
      title         = "{Jet energy scale and resolution performances with 13TeV
                       data}",
      month         = "Jun",
      year          = "2016",
      reportNumber  = "CMS-DP-2016-020",
      url           = "https://cds.cern.ch/record/2160347",
}
@article{antikt,
      author         = "Tseng, Jeff and Evans, Hannah",
      title          = "{Sequential recombination algorithm for jet clustering
                        and background subtraction}",
      journal        = "Phys. Rev.",
      volume         = "D88",
      year           = "2013",
      pages          = "014044",
      doi            = "10.1103/PhysRevD.88.014044",
      eprint         = "1304.1025",
      archivePrefix  = "arXiv",
      primaryClass   = "hep-ph",
      SLACcitation   = "%%CITATION = ARXIV:1304.1025;%%"
}
@article{csv_fig,
      title         = "{Performance of b-Tagging Algorithms in Proton Collisions
                       at 13 TeV using the 2016 Data}",
      collaboration = "CMS Collaboration",
      month         = "Jul",
      year          = "2016",
      reportNumber  = "CMS-DP-2016-042",
      url           = "https://cds.cern.ch/record/2202967",
}
@techreport{csv_pas,
      title         = "{Identification of b quark jets at the CMS Experiment in
                       the LHC Run 2}",
      institution   = "CERN",
      collaboration = "CMS Collaboration",
      address       = "Geneva",
      number        = "CMS-PAS-BTV-15-001",
      year          = "2016",
      reportNumber  = "CMS-PAS-BTV-15-001",
      url           = "http://cds.cern.ch/record/2138504",
}
@techreport{met_fig,
      title         = "{Performance of missing energy reconstruction in 13 TeV pp
                       collision data using the CMS detector}",
      institution   = "CERN",
      collaboration = "CMS Collaboration",
      address       = "Geneva",
      number        = "CMS-PAS-JME-16-004",
      year          = "2016",
      reportNumber  = "CMS-PAS-JME-16-004",
      url           = "http://cds.cern.ch/record/2205284",
}

@article{sim_rev,
      author         = "Buckley, Andy and others",
      title          = "{General-purpose event generators for LHC physics}",
      journal        = "Phys. Rept.",
      volume         = "504",
      year           = "2011",
      pages          = "145-233",
      doi            = "10.1016/j.physrep.2011.03.005",
      eprint         = "1101.2599",
      archivePrefix  = "arXiv",
      primaryClass   = "hep-ph",
      reportNumber   = "CAVENDISH-HEP-10-21, CERN-PH-TH-2010-298, DCPT-10-202,
                        HD-THEP-10-24, IPPP-10-101, KA-TP-40-2010, LU-TP-10-28,
                        MAN-HEP-2010-23, MCNET-11-01, SLAC-PUB-14333,
                        --HD-THEP-10-24, --MCNET-11-01",
      SLACcitation   = "%%CITATION = ARXIV:1101.2599;%%"
}
@article{HERWIG,
      author         = "Corcella, G. and Knowles, I. G. and Marchesini, G. and
                        Moretti, S. and Odagiri, K. and Richardson, P. and
                        Seymour, M. H. and Webber, B. R.",
      title          = "{HERWIG 6: An Event generator for hadron emission
                        reactions with interfering gluons (including
                        supersymmetric processes)}",
      journal        = "JHEP",
      volume         = "01",
      year           = "2001",
      pages          = "010",
      doi            = "10.1088/1126-6708/2001/01/010",
      eprint         = "hep-ph/0011363",
      archivePrefix  = "arXiv",
      primaryClass   = "hep-ph",
      reportNumber   = "CAVENDISH-HEP-99-03, CERN-TH-2000-284, RAL-TR-2000-048",
      SLACcitation   = "%%CITATION = HEP-PH/0011363;%%"
}
@article{MADGRAPH,
      author         = "Alwall, Johan and Herquet, Michel and Maltoni, Fabio and
                        Mattelaer, Olivier and Stelzer, Tim",
      title          = "{MadGraph 5 : Going Beyond}",
      journal        = "JHEP",
      volume         = "06",
      year           = "2011",
      pages          = "128",
      doi            = "10.1007/JHEP06(2011)128",
      eprint         = "1106.0522",
      archivePrefix  = "arXiv",
      primaryClass   = "hep-ph",
      reportNumber   = "FERMILAB-PUB-11-448-T",
      SLACcitation   = "%%CITATION = ARXIV:1106.0522;%%"
}
@article{GEANT,
title = "Geant4—a simulation toolkit ",
journal = "Nuclear Instruments and Methods in Physics Research Section A: Accelerators, Spectrometers, Detectors and Associated Equipment ",
volume = "506",
number = "3",
pages = "250 - 303",
year = "2003",
note = "",
issn = "0168-9002",
doi = "http://dx.doi.org/10.1016/S0168-9002(03)01368-8",
url = "//www.sciencedirect.com/science/article/pii/S0168900203013688",
author = "S. Agostinelli and J. Allison and K. Amako and J. Apostolakis and H. Araujo and P. Arce and M. Asai and D. Axen and S. Banerjee and G. Barrand and F. Behner and L. Bellagamba and J. Boudreau and L. Broglia and A. Brunengo and H. Burkhardt and S. Chauvie and J. Chuma and R. Chytracek and G. Cooperman and G. Cosmo and P. Degtyarenko and A. Dell'Acqua and G. Depaola and D. Dietrich and R. Enami and A. Feliciello and C. Ferguson and H. Fesefeldt and G. Folger and F. Foppiano and A. Forti and S. Garelli and S. Giani and R. Giannitrapani and D. Gibin and J.J. Gómez Cadenas and I. González and G. Gracia Abril and G. Greeniaus and W. Greiner and V. Grichine and A. Grossheim and S. Guatelli and P. Gumplinger and R. Hamatsu and K. Hashimoto and H. Hasui and A. Heikkinen and A. Howard and V. Ivanchenko and A. Johnson and F.W. Jones and J. Kallenbach and N. Kanaya and M. Kawabata and Y. Kawabata and M. Kawaguti and S. Kelner and P. Kent and A. Kimura and T. Kodama and R. Kokoulin and M. Kossov and H. Kurashige and E. Lamanna and T. Lampén and V. Lara and V. Lefebure and F. Lei and M. Liendl and W. Lockman and F. Longo and S. Magni and M. Maire and E. Medernach and K. Minamimoto and P. Mora de Freitas and Y. Morita and K. Murakami and M. Nagamatu and R. Nartallo and P. Nieminen and T. Nishimura and K. Ohtsubo and M. Okamura and S. O'Neale and Y. Oohata and K. Paech and J. Perl and A. Pfeiffer and M.G. Pia and F. Ranjard and A. Rybin and S. Sadilov and E. Di Salvo and G. Santin and T. Sasaki and N. Savvas and Y. Sawada and S. Scherer and S. Sei and V. Sirotenko and D. Smith and N. Starkov and H. Stoecker and J. Sulkimo and M. Takahata and S. Tanaka and E. Tcherniaev and E. Safai Tehrani and M. Tropeano and P. Truscott and H. Uno and L. Urban and P. Urban and M. Verderi and A. Walkden and W. Wander and H. Weber and J.P. Wellisch and T. Wenaus and D.C. Williams and D. Wright and T. Yamada and H. Yoshida and D. Zschiesche",
keywords = "Simulation",
keywords = "Particle interactions",
keywords = "Geometrical modelling",
keywords = "Software engineering",
keywords = "Object-oriented technology",
keywords = "Distributed software development "
}
%TRIGGER
@ARTICLE{muon_algo, 
    author={M. Jeitler and J. Lingemann and D. Rabady and H. Sakulin and A. Stahl}, 
    journal={IEEE Transactions on Nuclear Science}, 
    title={Upgrade of the CMS Global Muon Trigger}, 
    year={2015}, 
    volume={62}, 
    number={3}, 
    pages={1104-1109}, 
    doi={10.1109/TNS.2015.2435060}, 
    ISSN={0018-9499}, 
    month={June},}
@techreport{tau_algo,
      author        = "Cadamuro, Luca",
      title         = "{The CMS Level-1 Tau algorithm for the LHC Run II}",
      institution   = "CERN",
      collaboration = "CMS Collaboration",
      address       = "Geneva",
      number        = "CMS-CR-2015-214",
      month         = "Oct",
      year          = "2015",
      reportNumber  = "CMS-CR-2015-214",
      url           = "https://cds.cern.ch/record/2059825",
}
@techreport{ele_algo,
      author        = "Sauvan, Jean-baptiste",
      title         = "{Performance and upgrade of the CMS electromagnetic
                       calorimeter trigger for Run II}",
      institution   = "CERN",
      collaboration = "CMS Collaboration",
      address       = "Geneva",
      number        = "CMS-CR-2014-068",
      month         = "May",
      year          = "2014",
      reportNumber  = "CMS-CR-2014-068",
      url           = "https://cds.cern.ch/record/1706324",
}
%TRIGGER
@article{uct,
      author         = "Kreis, B. and others",
      title          = "{Run 2 Upgrades to the CMS Level-1 Calorimeter Trigger}",
      booktitle      = "{Proceedings, Topical Workshop on Electronics for
                        Particle Physics (TWEPP15): Lisbon, Portugal, September 28
                        - October 02, 2015}",
      collaboration  = "CMS",
      journal        = "JINST",
      volume         = "11",
      year           = "2016",
      number         = "01",
      pages          = "C01051",
      doi            = "10.1088/1748-0221/11/01/C01051",
      eprint         = "1511.05855",
      archivePrefix  = "arXiv",
      primaryClass   = "physics.ins-det",
      reportNumber   = "FERMILAB-CONF-15-503-CMS",
      SLACcitation   = "%%CITATION = ARXIV:1511.05855;%%"
}
@INPROCEEDINGS{gct, 
    author={A. Tapper and J. Brooke and C. Foudas and R. Frazier and M. Hansen and G. Heath and G. Iles and J. Marrouche and A. Rose and G. Sidiropoulos and M. Stettler}, 
    booktitle={2008 IEEE Nuclear Science Symposium Conference Record}, 
    title={Commissioning and performance of the CMS Global Calorimeter Trigger}, 
    year={2008}, 
    pages={1871-1873}, 
    keywords={Collision mitigation;Discrete event simulation;Electrons;Hardware;Mesons;Monitoring;Monte Carlo methods;Software packages;Sorting;System testing}, 
    doi={10.1109/NSSMIC.2008.4774755}, 
    ISSN={1082-3654}, 
    month={Oct},}
@article{mp7,
  author={K Compton and S Dasu and A Farmahini-Farahani and S Fayer and R Fobes and R Frazier and T Gorski and G Hall and G Iles and J Jones and P
Klabbers and D Newbold and A Perugupalli and S Rader and A Rose and D Seemuth and W Smith and J Tikalsky},
  title={The MP7 and CTP-6: multi-hundred Gbps processing boards for calorimeter trigger upgrades at CMS},
  journal={Journal of Instrumentation},
  volume={7},
  number={12},
  pages={C12024},
  url={http://stacks.iop.org/1748-0221/7/i=12/a=C12024},
  year={2012},
  abstract={Test},
}
	
@article{tmt,
  author={G. Hall and D. Newbol and M. Pesaresi and A. Rose},
  title={A time-multiplexed track-trigger architecture for CMS},
  journal={Journal of Instrumentation},
  volume={9},
  number={10},
  pages={C10034},
  url={http://stacks.iop.org/1748-0221/9/i=10/a=C10034},
  year={2014},
  abstract={The CMS Tracker},
}
@article{jet_area,
      author         = "Cacciari, Matteo and Salam, Gavin P.",
      title          = "{Pileup subtraction using jet areas}",
      journal        = "Phys. Lett.",
      volume         = "B659",
      year           = "2008",
      pages          = "119-126",
      doi            = "10.1016/j.physletb.2007.09.077",
      eprint         = "0707.1378",
      archivePrefix  = "arXiv",
      primaryClass   = "hep-ph",
      reportNumber   = "LPTHE-07-01",
      SLACcitation   = "%%CITATION = ARXIV:0707.1378;%%"
}
@techreport{jetmet,
      title         = "{Pileup Jet Identification}",
      institution   = "CERN",
      collaboration = "CMS Collaboration",
      address       = "Geneva",
      number        = "CMS-PAS-JME-13-005",
      year          = "2013",
}
@article{doughnut,
      author         = "Cacciari, Matteo and Rojo, Juan and Salam, Gavin P. and
                        Soyez, Gregory",
      title          = "{Jet Reconstruction in Heavy Ion Collisions}",
      journal        = "Eur. Phys. J.",
      volume         = "C71",
      year           = "2011",
      pages          = "1539",
      doi            = "10.1140/epjc/s10052-011-1539-z",
      eprint         = "1010.1759",
      archivePrefix  = "arXiv",
      primaryClass   = "hep-ph",
      reportNumber   = "CERN-PH-TH-2010-223",
      SLACcitation   = "%%CITATION = ARXIV:1010.1759;%%"
}
@article{l1jet_calibration,
author = "{J. Brooke, B. Mathias, A. Tapper, N. Wardle}",
title = {Calibration and Performance of the Jets and Energy Sums in the Level-1 Trigger},
journaltitle = {CMS Internal Note},
date = {12/9/2013},
number = {CMS IN -2013/006},
}
@article{l1sums_perf,
      title         = "{Level-1 Jets and Sums Trigger Performance}",
      collaboration = "CMS Collaboration",
      month         = "Jun",
      year          = "2016",
      reportNumber  = "CMS-DP-2016-034",
      url           = "https://cds.cern.ch/record/2194257",
}
@phdthesis{mark-thesis,
      author        = "M. Baber",
      title         = "{Search for supersymmetry in the first $\sqrt(s) = 13$ TeV 
pp-collisions using the $\alpha_T$ variable with the CMS detector}",
      school        = "Imperial College, London",
      year          = "2016",
      note          = "Presented 2016",
}
@article{alphaT1,
      author         = "Chatrchyan, Serguei and others",
      title          = "{Search for supersymmetry in hadronic final states with
                        missing transverse energy using the variables $\alpha_T$
                        and b-quark multiplicity in pp collisions at $\sqrt s=8$
                        TeV}",
      collaboration  = "CMS",
      journal        = "Eur. Phys. J.",
      volume         = "C73",
      year           = "2013",
      number         = "9",
      pages          = "2568",
      doi            = "10.1140/epjc/s10052-013-2568-6",
      eprint         = "1303.2985",
      archivePrefix  = "arXiv",
      primaryClass   = "hep-ex",
      reportNumber   = "CMS-SUS-12-028, CERN-PH-EP-2013-037",
      SLACcitation   = "%%CITATION = ARXIV:1303.2985;%%"
}
@article{alphaT2,
      author         = "Chatrchyan, Serguei and others",
      title          = "{Search for supersymmetry in final states with missing
                        transverse energy and 0, 1, 2, or at least 3 b-quark jets
                        in 7 TeV pp collisions using the variable alphaT}",
      collaboration  = "CMS",
      journal        = "JHEP",
      volume         = "01",
      year           = "2013",
      pages          = "077",
      doi            = "10.1007/JHEP01(2013)077",
      eprint         = "1210.8115",
      archivePrefix  = "arXiv",
      primaryClass   = "hep-ex",
      reportNumber   = "CMS-SUS-11-022, CERN-PH-EP-2012-290",
      SLACcitation   = "%%CITATION = ARXIV:1210.8115;%%"
}
@article{alphaT3,
      author         = "Chatrchyan, Serguei and others",
      title          = "{Search for Supersymmetry at the LHC in Events with Jets
                        and Missing Transverse Energy}",
      collaboration  = "CMS",
      journal        = "Phys. Rev. Lett.",
      volume         = "107",
      year           = "2011",
      pages          = "221804",
      doi            = "10.1103/PhysRevLett.107.221804",
      eprint         = "1109.2352",
      archivePrefix  = "arXiv",
      primaryClass   = "hep-ex",
      reportNumber   = "CERN-PH-EP-2011-138, CMS-SUS-11-003",
      SLACcitation   = "%%CITATION = ARXIV:1109.2352;%%"
}
@article{alpahT4,
title = "Search for supersymmetry in pp collisions at 7 TeV in events with jets and missing transverse energy ",
journal = "Physics Letters B ",
volume = "698",
number = "3",
pages = "196 - 218",
year = "2011",
note = "",
issn = "0370-2693",
doi = "http://dx.doi.org/10.1016/j.physletb.2011.03.021",
url = "http://www.sciencedirect.com/science/article/pii/S0370269311002681",
author = "V. Khachatryan",
keywords = "CMS",
keywords = "Physics",
keywords = "Supersymmetry "
}
@article{inelast,
      author         = "Aaboud, M. and others",
      title          = "{Measurement of the Inelastic Proton-Proton Cross Section
                        at $\sqrt{s} = 13$  TeV with the ATLAS Detector at the
                        LHC}",
      collaboration  = "ATLAS",
      journal        = "Phys. Rev. Lett.",
      volume         = "117",
      year           = "2016",
      number         = "18",
      pages          = "182002",
      doi            = "10.1103/PhysRevLett.117.182002",
      eprint         = "1606.02625",
      archivePrefix  = "arXiv",
      primaryClass   = "hep-ex",
      reportNumber   = "CERN-EP-2016-140",
      SLACcitation   = "%%CITATION = ARXIV:1606.02625;%%"
}c
@inproceedings{beam_halo,
      author         = "Stifter, Kelly",
      title          = "{The CMS Beam Halo Monitor Detector System}",
      booktitle      = "{Proceedings, Meeting of the APS Division of Particles
                        and Fields (DPF 2015): Ann Arbor, Michigan, USA, 4-8 Aug
                        2015}",
      collaboration  = "CMS",
      url            = "https://inspirehep.net/record/1402341/files/arXiv:1511.00264.pdf",
      year           = "2015",
      eprint         = "1511.00264",
      archivePrefix  = "arXiv",
      primaryClass   = "physics.ins-det",
      SLACcitation   = "%%CITATION = ARXIV:1511.00264;%%"
}
@article{Randall,
      author         = "Randall, Lisa and Tucker-Smith, David",
      title          = "{Dijet Searches for Supersymmetry at the LHC}",
      journal        = "Phys. Rev. Lett.",
      volume         = "101",
      year           = "2008",
      pages          = "221803",
      doi            = "10.1103/PhysRevLett.101.221803",
      eprint         = "0806.1049",
      archivePrefix  = "arXiv",
      primaryClass   = "hep-ph",
      SLACcitation   = "%%CITATION = ARXIV:0806.1049;%%"
}
@article{TAUOLA,
      author         = "Davidson, N. and Nanava, G. and Przedzinski, T. and
                        Richter-Was, E. and Was, Z.",
      title          = "{Universal Interface of TAUOLA Technical and Physics
                        Documentation}",
      journal        = "Comput. Phys. Commun.",
      volume         = "183",
      year           = "2012",
      pages          = "821-843",
      doi            = "10.1016/j.cpc.2011.12.009",
      eprint         = "1002.0543",
      archivePrefix  = "arXiv",
      primaryClass   = "hep-ph",
      reportNumber   = "IFJPAN-IV-2009-10",
      SLACcitation   = "%%CITATION = ARXIV:1002.0543;%%"
}
@article{sparticleXs,
      author         = "Borschensky, Christoph and Krämer, Michael and Kulesza,
                        Anna and Mangano, Michelangelo and Padhi, Sanjay and
                        Plehn, Tilman and Portell, Xavier",
      title          = "{Squark and gluino production cross sections in pp
                        collisions at $\sqrt{s}$ = 13, 14, 33 and 100 TeV}",
      journal        = "Eur. Phys. J.",
      volume         = "C74",
      year           = "2014",
      number         = "12",
      pages          = "3174",
      doi            = "10.1140/epjc/s10052-014-3174-y",
      eprint         = "1407.5066",
      archivePrefix  = "arXiv",
      primaryClass   = "hep-ph",
      reportNumber   = "MS-TP-14-25, CERN-PH-TH-2014-137, TTK-14-13",
      SLACcitation   = "%%CITATION = ARXIV:1407.5066;%%"
}
